%% This BibTeX bibliography file was created using BibDesk.
%% https://bibdesk.sourceforge.io/

%% Created for Kaspar Mitte at 2024-09-12 14:12:15 +0200 


%% Saved with string encoding Unicode (UTF-8) 



@article{Kamber2020,
	author = {Umut Kamber and Anders Bergman and Andreas Eich and Diana Iu{\c{s}}an and Manuel Steinbrecher and Nadine Hauptmann and Lars Nordstr{\"o}m and Mikhail I. Katsnelson and Daniel Wegner and Olle Eriksson and Alexander A. Khajetoorians},
	date-added = {2024-09-12 14:07:14 +0200},
	date-modified = {2024-09-12 14:12:13 +0200},
	groups = {Self-induced glass transition},
	journal = {Science},
	month = {may},
	number = {6494},
	publisher = {American Association for the Advancement of Science ({AAAS})},
	title = {Self-induced spin glass state in elemental and crystalline neodymium},
	volume = {368},
	year = {2020},
	url={https://doi.org/10.1126/science.aay6757}}

@article{Kirkpatrick1987,
	author = {Kirkpatrick, T. R. and Wolynes, P. G.},
	date-added = {2024-08-17 15:14:55 +0200},
	date-modified = {2024-08-17 15:15:44 +0200},
	doi = {10.1103/PhysRevB.36.8552},
	issue = {16},
	journal = {Phys. Rev. B},
	keywords = {Glassy-Transition},
	month = {Dec},
	numpages = {0},
	pages = {8552--8564},
	publisher = {American Physical Society},
	read = {1},
	title = {Stable and metastable states in mean-field Potts and structural glasses},
	url = {https://link.aps.org/doi/10.1103/PhysRevB.36.8552},
	volume = {36},
	year = {1987},
	bdsk-file-1 = {YnBsaXN0MDDSAQIDBFxyZWxhdGl2ZVBhdGhYYm9va21hcmtfEB1MaXRlcmF0dXIvS2lya3BhdHJpY2sxOTg3LnBkZk8RBFBib29rUAQAAAAABBAwAAAAAAAAAAAAAAAAAAAAAAAAAAAAAAAAAAAAAAAAAAAAAABAAwAABQAAAAEBAABVc2VycwAAAAYAAAABAQAAa2FzcGFyAAAJAAAAAQEAAERvY3VtZW50cwAAAA4AAAABAQAAQmFjaGVsb3J0aGVzaXMAAAkAAAABAQAATGl0ZXJhdHVyAAAAEwAAAAEBAABLaXJrcGF0cmljazE5ODcucGRmABgAAAABBgAABAAAABQAAAAkAAAAOAAAAFAAAABkAAAACAAAAAQDAAB7QgAAAAAAAAgAAAAEAwAAS28AAAAAAAAIAAAABAMAAHxvAAAAAAAACAAAAAQDAAAvFQEAAAAAAAgAAAAEAwAAZRUBAAAAAAAIAAAABAMAALQCMgAAAAAAGAAAAAEGAACgAAAAsAAAAMAAAADQAAAA4AAAAPAAAAAIAAAAAAQAAEHGMHs4DoXKGAAAAAECAAABAAAAAAAAAA8AAAAAAAAAAAAAAAAAAAAIAAAABAMAAAQAAAAAAAAABAAAAAMDAAD1AQAACAAAAAEJAABmaWxlOi8vLwwAAAABAQAATWFjaW50b3NoIEhECAAAAAQDAAAAoCBodAAAAAgAAAAABAAAQcYvyAaAAAAkAAAAAQEAADQxOEQxNEEwLTA2RjAtNEJGQS05RTdBLUJDMzFFNzcxOTA2QxgAAAABAgAAgQAAAAEAAADvEwAAAQAAAAAAAAAAAAAAAQAAAAEBAAAvAAAAAAAAAAEFAAAaAAAAAQEAAE5TVVJMRG9jdW1lbnRJZGVudGlmaWVyS2V5AAAEAAAAAwMAAE0AAAD2AAAAAQIAAGQ1MTFkZTc3MjBjNzc1OTQ2YzVlZjQwNDkyZDQ4NGRhOWE0ZjcwYTY5Y2QyYTUwZTBhYjVkMzM4OGZlYjUyZjY7MDA7MDAwMDAwMDA7MDAwMDAwMDA7MDAwMDAwMDA7MDAwMDAwMDAwMDAwMDAyMDtjb20uYXBwbGUuYXBwLXNhbmRib3gucmVhZC13cml0ZTswMTswMTAwMDAwNTswMDAwMDAwMDAwMzIwMmI0OzU2Oy91c2Vycy9rYXNwYXIvZG9jdW1lbnRzL2JhY2hlbG9ydGhlc2lzL2xpdGVyYXR1ci9raXJrcGF0cmljazE5ODcucGRmAAAA2AAAAP7///8BAAAAAAAAABEAAAAEEAAAgAAAAAAAAAAFEAAAAAEAAAAAAAAQEAAAMAEAAAAAAABAEAAAIAEAAAAAAAACIAAA/AEAAAAAAAAFIAAAbAEAAAAAAAAQIAAAfAEAAAAAAAARIAAAsAEAAAAAAAASIAAAkAEAAAAAAAATIAAAoAEAAAAAAAAgIAAA3AEAAAAAAAAwIAAACAIAAAAAAAABwAAAUAEAAAAAAAARwAAAFAAAAAAAAAASwAAAYAEAAAAAAACA8AAAQAIAAAAAAAAQAgCANAIAAAAAAAAACAANABoAIwBDAAAAAAAAAgEAAAAAAAAABQAAAAAAAAAAAAAAAAAABJc=},
	bdsk-url-1 = {https://link.aps.org/doi/10.1103/PhysRevB.36.8552},
	bdsk-url-2 = {https://doi.org/10.1103/PhysRevB.36.8552}}

@article{Kirkpatrick1986,
	author = {Kirkpatrick, T. R. and Wolynes, P. G.},
	date-added = {2024-08-17 15:12:35 +0200},
	date-modified = {2024-08-17 15:15:44 +0200},
	doi = {10.1103/PhysRevA.35.3072},
	issue = {7},
	journal = {Phys. Rev. A},
	keywords = {Glassy-Transition},
	month = {Apr},
	numpages = {0},
	pages = {3072--3080},
	publisher = {American Physical Society},
	read = {1},
	title = {Connections between some kinetic and equilibrium theories of the glass transition},
	url = {https://link.aps.org/doi/10.1103/PhysRevA.35.3072},
	volume = {35},
	year = {1987},
	bdsk-file-1 = {YnBsaXN0MDDSAQIDBFxyZWxhdGl2ZVBhdGhYYm9va21hcmtfEB1MaXRlcmF0dXIvS2lya3BhdHJpY2sxOTg2LnBkZk8RBFBib29rUAQAAAAABBAwAAAAAAAAAAAAAAAAAAAAAAAAAAAAAAAAAAAAAAAAAAAAAABAAwAABQAAAAEBAABVc2VycwAAAAYAAAABAQAAa2FzcGFyAAAJAAAAAQEAAERvY3VtZW50cwAAAA4AAAABAQAAQmFjaGVsb3J0aGVzaXMAAAkAAAABAQAATGl0ZXJhdHVyAAAAEwAAAAEBAABLaXJrcGF0cmljazE5ODYucGRmABgAAAABBgAABAAAABQAAAAkAAAAOAAAAFAAAABkAAAACAAAAAQDAAB7QgAAAAAAAAgAAAAEAwAAS28AAAAAAAAIAAAABAMAAHxvAAAAAAAACAAAAAQDAAAvFQEAAAAAAAgAAAAEAwAAZRUBAAAAAAAIAAAABAMAAOXyLAAAAAAAGAAAAAEGAACgAAAAsAAAAMAAAADQAAAA4AAAAPAAAAAIAAAAAAQAAEHGMHtMLznpGAAAAAECAAABAAAAAAAAAA8AAAAAAAAAAAAAAAAAAAAIAAAABAMAAAQAAAAAAAAABAAAAAMDAAD1AQAACAAAAAEJAABmaWxlOi8vLwwAAAABAQAATWFjaW50b3NoIEhECAAAAAQDAAAAoCBodAAAAAgAAAAABAAAQcYvyAaAAAAkAAAAAQEAADQxOEQxNEEwLTA2RjAtNEJGQS05RTdBLUJDMzFFNzcxOTA2QxgAAAABAgAAgQAAAAEAAADvEwAAAQAAAAAAAAAAAAAAAQAAAAEBAAAvAAAAAAAAAAEFAAAaAAAAAQEAAE5TVVJMRG9jdW1lbnRJZGVudGlmaWVyS2V5AAAEAAAAAwMAAEwAAAD2AAAAAQIAADNmZjAzYjdjZjkwMjY5YmQ1NTk3YzcwNzY0ZGI4NWZmMTVhZDUzNzM5NjhiNTNlZDRhNTYzZTliODY4YTJhNjQ7MDA7MDAwMDAwMDA7MDAwMDAwMDA7MDAwMDAwMDA7MDAwMDAwMDAwMDAwMDAyMDtjb20uYXBwbGUuYXBwLXNhbmRib3gucmVhZC13cml0ZTswMTswMTAwMDAwNTswMDAwMDAwMDAwMmNmMmU1OzU2Oy91c2Vycy9rYXNwYXIvZG9jdW1lbnRzL2JhY2hlbG9ydGhlc2lzL2xpdGVyYXR1ci9raXJrcGF0cmljazE5ODYucGRmAAAA2AAAAP7///8BAAAAAAAAABEAAAAEEAAAgAAAAAAAAAAFEAAAAAEAAAAAAAAQEAAAMAEAAAAAAABAEAAAIAEAAAAAAAACIAAA/AEAAAAAAAAFIAAAbAEAAAAAAAAQIAAAfAEAAAAAAAARIAAAsAEAAAAAAAASIAAAkAEAAAAAAAATIAAAoAEAAAAAAAAgIAAA3AEAAAAAAAAwIAAACAIAAAAAAAABwAAAUAEAAAAAAAARwAAAFAAAAAAAAAASwAAAYAEAAAAAAACA8AAAQAIAAAAAAAAQAgCANAIAAAAAAAAACAANABoAIwBDAAAAAAAAAgEAAAAAAAAABQAAAAAAAAAAAAAAAAAABJc=},
	bdsk-url-1 = {https://link.aps.org/doi/10.1103/PhysRevA.35.3072},
	bdsk-url-2 = {https://doi.org/10.1103/PhysRevA.35.3072}}

@article{Mezard2000,
	abstract = {This paper gives an introduction to and brief overview of some of our recent work on the equilibrium thermodynamics of glasses. We have focused on first-principles computations for simple fragile glasses, starting from the two-body interatomic potential. A replica formulation translates this problem into that of a gas of interacting molecules, each molecule being built of m atoms, and having a gyration radius (related to the cage size) which vanishes at zero temperature. We use a small-cage expansion, valid at low temperatures, which allows us to compute the cage size, the specific heat (which follows the Dulong and Petit law), and the configurational entropy. The no-replica interpretation of the computations is also briefly described. The results, particularly those concerning the Kauzmann temperature and the configurational entropy, are compared to recent numerical simulations.},
	author = {Marc M{\'e}zard and Giorgio Parisi},
	date-added = {2024-08-17 15:09:59 +0200},
	date-modified = {2024-08-17 15:10:40 +0200},
	doi = {10.1088/0953-8984/12/29/336},
	issn = {1361-648X},
	journal = {Journal of Physics: Condensed Matter},
	keywords = {Glassy-Transition},
	month = {jul},
	number = {29},
	pages = {6655--6673},
	publisher = {IOP Publishing},
	title = {Statistical physics of structural glasses},
	url = {https://iopscience.iop.org/article/10.1088/0953-8984/12/29/336},
	volume = {12},
	year = {2000},
	bdsk-file-1 = {YnBsaXN0MDDSAQIDBFxyZWxhdGl2ZVBhdGhYYm9va21hcmtfEBhMaXRlcmF0dXIvTWV6YXJkMjAwMC5wZGZPEQRIYm9va0gEAAAAAAQQMAAAAAAAAAAAAAAAAAAAAAAAAAAAAAAAAAAAAAAAAAAAAAAAOAMAAAUAAAABAQAAVXNlcnMAAAAGAAAAAQEAAGthc3BhcgAACQAAAAEBAABEb2N1bWVudHMAAAAOAAAAAQEAAEJhY2hlbG9ydGhlc2lzAAAJAAAAAQEAAExpdGVyYXR1cgAAAA4AAAABAQAATWV6YXJkMjAwMC5wZGYAABgAAAABBgAABAAAABQAAAAkAAAAOAAAAFAAAABkAAAACAAAAAQDAAB7QgAAAAAAAAgAAAAEAwAAS28AAAAAAAAIAAAABAMAAHxvAAAAAAAACAAAAAQDAAAvFQEAAAAAAAgAAAAEAwAAZRUBAAAAAAAIAAAABAMAAEtJMwAAAAAAGAAAAAEGAACcAAAArAAAALwAAADMAAAA3AAAAOwAAAAIAAAAAAQAAEHGN6hGn9c0GAAAAAECAAABAAAAAAAAAA8AAAAAAAAAAAAAAAAAAAAIAAAABAMAAAQAAAAAAAAABAAAAAMDAAD1AQAACAAAAAEJAABmaWxlOi8vLwwAAAABAQAATWFjaW50b3NoIEhECAAAAAQDAAAAoCBodAAAAAgAAAAABAAAQcYvyAaAAAAkAAAAAQEAADQxOEQxNEEwLTA2RjAtNEJGQS05RTdBLUJDMzFFNzcxOTA2QxgAAAABAgAAgQAAAAEAAADvEwAAAQAAAAAAAAAAAAAAAQAAAAEBAAAvAAAAAAAAAAEFAAAaAAAAAQEAAE5TVVJMRG9jdW1lbnRJZGVudGlmaWVyS2V5AAAEAAAAAwMAAFQAAADxAAAAAQIAADdjZGU4YmNhN2U1NjA4NjBkYzZlZDU1MmNjMWJiYmE4OWVjZmU3Y2U4OWIyNmE1OGNlMzdkNDlkZmI3YTliMTY7MDA7MDAwMDAwMDA7MDAwMDAwMDA7MDAwMDAwMDA7MDAwMDAwMDAwMDAwMDAyMDtjb20uYXBwbGUuYXBwLXNhbmRib3gucmVhZC13cml0ZTswMTswMTAwMDAwNTswMDAwMDAwMDAwMzM0OTRiOzU2Oy91c2Vycy9rYXNwYXIvZG9jdW1lbnRzL2JhY2hlbG9ydGhlc2lzL2xpdGVyYXR1ci9tZXphcmQyMDAwLnBkZgAAAADYAAAA/v///wEAAAAAAAAAEQAAAAQQAAB8AAAAAAAAAAUQAAD8AAAAAAAAABAQAAAsAQAAAAAAAEAQAAAcAQAAAAAAAAIgAAD4AQAAAAAAAAUgAABoAQAAAAAAABAgAAB4AQAAAAAAABEgAACsAQAAAAAAABIgAACMAQAAAAAAABMgAACcAQAAAAAAACAgAADYAQAAAAAAADAgAAAEAgAAAAAAAAHAAABMAQAAAAAAABHAAAAUAAAAAAAAABLAAABcAQAAAAAAAIDwAAA8AgAAAAAAAAwCAIAwAgAAAAAAAAAIAA0AGgAjAD4AAAAAAAACAQAAAAAAAAAFAAAAAAAAAAAAAAAAAAAEig==},
	bdsk-url-1 = {https://iopscience.iop.org/article/10.1088/0953-8984/12/29/336},
	bdsk-url-2 = {https://doi.org/10.1088/0953-8984/12/29/336}}

@inbook{Kawashima2005,
	author = {Kawashima, N. and Rieger, H.},
	booktitle = {Frustrated Spin Systems},
	date-added = {2024-08-17 15:00:13 +0200},
	date-modified = {2024-08-17 15:04:49 +0200},
	doi = {10.1142/9789812567819_0009},
	isbn = {9789812567819},
	keywords = {Glassy-Transition},
	month = 01,
	pages = {491--596},
	publisher = {World Scientific},
	title = {Resent Progress in Spin Glasses},
	url = {https://www.worldscientific.com/doi/abs/10.1142/9789812567819_0009},
	year = {2005},
	bdsk-file-1 = {YnBsaXN0MDDSAQIDBFxyZWxhdGl2ZVBhdGhYYm9va21hcmtfEBtMaXRlcmF0dXIvS2F3YXNoaW1hMjAwNS5wZGZPEQQQYm9vaxAEAAAAAAQQMAAAAAAAAAAAAAAAAAAAAAAAAAAAAAAAAAAAAAAAAAAAAAAADAMAAAUAAAABAQAAVXNlcnMAAAAGAAAAAQEAAGthc3BhcgAACQAAAAEBAABEb2N1bWVudHMAAAAOAAAAAQEAAEJhY2hlbG9ydGhlc2lzAAAJAAAAAQEAAExpdGVyYXR1cgAAABEAAAABAQAAS2F3YXNoaW1hMjAwNS5wZGYAAAAYAAAAAQYAAAQAAAAUAAAAJAAAADgAAABQAAAAZAAAAAgAAAAEAwAAe0IAAAAAAAAIAAAABAMAAEtvAAAAAAAACAAAAAQDAAB8bwAAAAAAAAgAAAAEAwAALxUBAAAAAAAIAAAABAMAAGUVAQAAAAAACAAAAAQDAAD4XSoAAAAAABgAAAABBgAAoAAAALAAAADAAAAA0AAAAOAAAADwAAAACAAAAAAEAABBxjB8FnAKBxgAAAABAgAAAQAAAAAAAAAPAAAAAAAAAAAAAAAAAAAACAAAAAQDAAAEAAAAAAAAAAQAAAADAwAA9QEAAAgAAAABCQAAZmlsZTovLy8MAAAAAQEAAE1hY2ludG9zaCBIRAgAAAAEAwAAAKAgaHQAAAAIAAAAAAQAAEHGL8gGgAAAJAAAAAEBAAA0MThEMTRBMC0wNkYwLTRCRkEtOUU3QS1CQzMxRTc3MTkwNkMYAAAAAQIAAIEAAAABAAAA7xMAAAEAAAAAAAAAAAAAAAEAAAABAQAALwAAAAAAAAABBQAA9AAAAAECAAAwOTY2NmZmMzM4Yzg0ZDdjMTIwNzM3ZjBjYzk0Njc1YzUzMTBmNDQ3ZGQ3NjFkZjBjYjdhZjBkMGFlNGM5MTQ2OzAwOzAwMDAwMDAwOzAwMDAwMDAwOzAwMDAwMDAwOzAwMDAwMDAwMDAwMDAwMjA7Y29tLmFwcGxlLmFwcC1zYW5kYm94LnJlYWQtd3JpdGU7MDE7MDEwMDAwMDU7MDAwMDAwMDAwMDJhNWRmODs1NjsvdXNlcnMva2FzcGFyL2RvY3VtZW50cy9iYWNoZWxvcnRoZXNpcy9saXRlcmF0dXIva2F3YXNoaW1hMjAwNS5wZGYAzAAAAP7///8BAAAAAAAAABAAAAAEEAAAgAAAAAAAAAAFEAAAAAEAAAAAAAAQEAAAMAEAAAAAAABAEAAAIAEAAAAAAAACIAAA/AEAAAAAAAAFIAAAbAEAAAAAAAAQIAAAfAEAAAAAAAARIAAAsAEAAAAAAAASIAAAkAEAAAAAAAATIAAAoAEAAAAAAAAgIAAA3AEAAAAAAAAwIAAACAIAAAAAAAABwAAAUAEAAAAAAAARwAAAFAAAAAAAAAASwAAAYAEAAAAAAACA8AAAEAIAAAAAAAAACAANABoAIwBBAAAAAAAAAgEAAAAAAAAABQAAAAAAAAAAAAAAAAAABFU=},
	bdsk-url-1 = {http://dx.doi.org/10.1142/9789812567819_0009}}

@article{Binder1986,
	author = {Binder, K. and Young, A. P.},
	date-added = {2024-08-17 14:54:34 +0200},
	date-modified = {2024-08-17 14:55:40 +0200},
	doi = {10.1103/RevModPhys.58.801},
	issue = {4},
	journal = {Rev. Mod. Phys.},
	keywords = {Glassy-Transition},
	month = {Oct},
	numpages = {0},
	pages = {801--976},
	publisher = {American Physical Society},
	title = {Spin glasses: Experimental facts, theoretical concepts, and open questions},
	url = {https://link.aps.org/doi/10.1103/RevModPhys.58.801},
	volume = {58},
	year = {1986},
	bdsk-file-1 = {YnBsaXN0MDDSAQIDBFxyZWxhdGl2ZVBhdGhYYm9va21hcmtfEBhMaXRlcmF0dXIvQmluZGVyMTk4Ni5wZGZPEQRIYm9va0gEAAAAAAQQMAAAAAAAAAAAAAAAAAAAAAAAAAAAAAAAAAAAAAAAAAAAAAAAOAMAAAUAAAABAQAAVXNlcnMAAAAGAAAAAQEAAGthc3BhcgAACQAAAAEBAABEb2N1bWVudHMAAAAOAAAAAQEAAEJhY2hlbG9ydGhlc2lzAAAJAAAAAQEAAExpdGVyYXR1cgAAAA4AAAABAQAAQmluZGVyMTk4Ni5wZGYAABgAAAABBgAABAAAABQAAAAkAAAAOAAAAFAAAABkAAAACAAAAAQDAAB7QgAAAAAAAAgAAAAEAwAAS28AAAAAAAAIAAAABAMAAHxvAAAAAAAACAAAAAQDAAAvFQEAAAAAAAgAAAAEAwAAZRUBAAAAAAAIAAAABAMAAM+1MAAAAAAAGAAAAAEGAACcAAAArAAAALwAAADMAAAA3AAAAOwAAAAIAAAAAAQAAEHGMHuYV9vGGAAAAAECAAABAAAAAAAAAA8AAAAAAAAAAAAAAAAAAAAIAAAABAMAAAQAAAAAAAAABAAAAAMDAAD1AQAACAAAAAEJAABmaWxlOi8vLwwAAAABAQAATWFjaW50b3NoIEhECAAAAAQDAAAAoCBodAAAAAgAAAAABAAAQcYvyAaAAAAkAAAAAQEAADQxOEQxNEEwLTA2RjAtNEJGQS05RTdBLUJDMzFFNzcxOTA2QxgAAAABAgAAgQAAAAEAAADvEwAAAQAAAAAAAAAAAAAAAQAAAAEBAAAvAAAAAAAAAAEFAAAaAAAAAQEAAE5TVVJMRG9jdW1lbnRJZGVudGlmaWVyS2V5AAAEAAAAAwMAAEsAAADxAAAAAQIAAGExMjcxMWNiODFkMDM4YWRmZDY1MDc5MDFiNzQ4NmU3MTZhZmQyMGU5ZjAxZjdiMWVjYzFiOTBiNDNkOThlMzc7MDA7MDAwMDAwMDA7MDAwMDAwMDA7MDAwMDAwMDA7MDAwMDAwMDAwMDAwMDAyMDtjb20uYXBwbGUuYXBwLXNhbmRib3gucmVhZC13cml0ZTswMTswMTAwMDAwNTswMDAwMDAwMDAwMzBiNWNmOzU2Oy91c2Vycy9rYXNwYXIvZG9jdW1lbnRzL2JhY2hlbG9ydGhlc2lzL2xpdGVyYXR1ci9iaW5kZXIxOTg2LnBkZgAAAADYAAAA/v///wEAAAAAAAAAEQAAAAQQAAB8AAAAAAAAAAUQAAD8AAAAAAAAABAQAAAsAQAAAAAAAEAQAAAcAQAAAAAAAAIgAAD4AQAAAAAAAAUgAABoAQAAAAAAABAgAAB4AQAAAAAAABEgAACsAQAAAAAAABIgAACMAQAAAAAAABMgAACcAQAAAAAAACAgAADYAQAAAAAAADAgAAAEAgAAAAAAAAHAAABMAQAAAAAAABHAAAAUAAAAAAAAABLAAABcAQAAAAAAAIDwAAA8AgAAAAAAAAwCAIAwAgAAAAAAAAAIAA0AGgAjAD4AAAAAAAACAQAAAAAAAAAFAAAAAAAAAAAAAAAAAAAEig==},
	bdsk-url-1 = {https://link.aps.org/doi/10.1103/RevModPhys.58.801},
	bdsk-url-2 = {https://doi.org/10.1103/RevModPhys.58.801}}

@inbook{Janke2003,
	abstract = {The lecture starts with an overview of some of the most important properties of first-order phase transitions and their distinctive features compared with second-order transitions. Then special emphasis will be placed on the finite-size scaling behaviour of first-order phase transitions, which is essential for analyzing and interpreting numerical data obtained in computer simulations.},
	address = {Dordrecht},
	author = {Wolfhard Janke},
	booktitle = {Computer Simulations of Surfaces and Interfaces},
	date-added = {2024-08-07 08:42:18 +0200},
	date-modified = {2024-08-07 10:53:01 +0200},
	doi = {10.1007/978-94-010-0173-1_6},
	editor = {D{\"u}nweg, Burkhard and Landau, David P. and Milchev, Andrey I.},
	isbn = {978-94-010-0173-1},
	keywords = {Basics},
	pages = {111--135},
	publisher = {Springer Netherlands},
	title = {First-Order Phase Transitions},
	url = {https://doi.org/10.1007/978-94-010-0173-1_6},
	year = {2003},
	bdsk-file-1 = {YnBsaXN0MDDSAQIDBFxyZWxhdGl2ZVBhdGhYYm9va21hcmtfEBdMaXRlcmF0dXIvSmFua2UyMDAzLnBkZk8RBAhib29rCAQAAAAABBAwAAAAAAAAAAAAAAAAAAAAAAAAAAAAAAAAAAAAAAAAAAAAAAAEAwAABQAAAAEBAABVc2VycwAAAAYAAAABAQAAa2FzcGFyAAAJAAAAAQEAAERvY3VtZW50cwAAAA4AAAABAQAAQmFjaGVsb3J0aGVzaXMAAAkAAAABAQAATGl0ZXJhdHVyAAAADQAAAAEBAABKYW5rZTIwMDMucGRmAAAAGAAAAAEGAAAEAAAAFAAAACQAAAA4AAAAUAAAAGQAAAAIAAAABAMAAHtCAAAAAAAACAAAAAQDAABLbwAAAAAAAAgAAAAEAwAAfG8AAAAAAAAIAAAABAMAAC8VAQAAAAAACAAAAAQDAABlFQEAAAAAAAgAAAAEAwAAF5UrAAAAAAAYAAAAAQYAAJwAAACsAAAAvAAAAMwAAADcAAAA7AAAAAgAAAAABAAAQcYhTyb8I9UYAAAAAQIAAAEAAAAAAAAADwAAAAAAAAAAAAAAAAAAAAgAAAAEAwAABAAAAAAAAAAEAAAAAwMAAPUBAAAIAAAAAQkAAGZpbGU6Ly8vDAAAAAEBAABNYWNpbnRvc2ggSEQIAAAABAMAAACgIGh0AAAACAAAAAAEAABBxi/IBoAAACQAAAABAQAANDE4RDE0QTAtMDZGMC00QkZBLTlFN0EtQkMzMUU3NzE5MDZDGAAAAAECAACBAAAAAQAAAO8TAAABAAAAAAAAAAAAAAABAAAAAQEAAC8AAAAAAAAAAQUAAPAAAAABAgAAZjVlN2U1ZWM4ZTAzYmFkOWNmYTAxYmE2YjU2ODA2MzU5YTQxZWNkOTI4NmYzYjhkNGE0YjdmYjkwODFiNDVjYjswMDswMDAwMDAwMDswMDAwMDAwMDswMDAwMDAwMDswMDAwMDAwMDAwMDAwMDIwO2NvbS5hcHBsZS5hcHAtc2FuZGJveC5yZWFkLXdyaXRlOzAxOzAxMDAwMDA1OzAwMDAwMDAwMDAyYjk1MTc7NTY7L3VzZXJzL2thc3Bhci9kb2N1bWVudHMvYmFjaGVsb3J0aGVzaXMvbGl0ZXJhdHVyL2phbmtlMjAwMy5wZGYAzAAAAP7///8BAAAAAAAAABAAAAAEEAAAfAAAAAAAAAAFEAAA/AAAAAAAAAAQEAAALAEAAAAAAABAEAAAHAEAAAAAAAACIAAA+AEAAAAAAAAFIAAAaAEAAAAAAAAQIAAAeAEAAAAAAAARIAAArAEAAAAAAAASIAAAjAEAAAAAAAATIAAAnAEAAAAAAAAgIAAA2AEAAAAAAAAwIAAABAIAAAAAAAABwAAATAEAAAAAAAARwAAAFAAAAAAAAAASwAAAXAEAAAAAAACA8AAADAIAAAAAAAAACAANABoAIwA9AAAAAAAAAgEAAAAAAAAABQAAAAAAAAAAAAAAAAAABEk=},
	bdsk-url-1 = {https://doi.org/10.1007/978-94-010-0173-1_6}}

@book{Stanley1987,
	author = {Stanley, H.E.},
	date-added = {2024-08-06 13:05:59 +0200},
	date-modified = {2024-08-06 13:06:14 +0200},
	isbn = {9780195053166},
	keywords = {Basics},
	lccn = {87012357},
	publisher = {Oxford University Press},
	series = {International series of monographs on physics},
	title = {Introduction to Phase Transitions and Critical Phenomena},
	year = {1987}}

@inbook{Janke2002,
	author = {Wolfhard Janke},
	booktitle = {Quantum simulations of complex many body systems},
	date-added = {2024-08-03 15:34:05 +0200},
	date-modified = {2024-08-03 15:38:38 +0200},
	isbn = {3 00 009057 6},
	keywords = {Basics},
	pages = {447-458},
	series = {NIC Series},
	title = {Pseudo Random Numbers: Generation and Quality Checks},
	url = {https://juser.fz-juelich.de/record/24560?ln=de},
	volume = {10},
	year = {2002},
	bdsk-file-1 = {YnBsaXN0MDDSAQIDBFxyZWxhdGl2ZVBhdGhYYm9va21hcmtfEBdMaXRlcmF0dXIvSmFua2UyMDAyLnBkZk8RBAhib29rCAQAAAAABBAwAAAAAAAAAAAAAAAAAAAAAAAAAAAAAAAAAAAAAAAAAAAAAAAEAwAABQAAAAEBAABVc2VycwAAAAYAAAABAQAAa2FzcGFyAAAJAAAAAQEAAERvY3VtZW50cwAAAA4AAAABAQAAQmFjaGVsb3J0aGVzaXMAAAkAAAABAQAATGl0ZXJhdHVyAAAADQAAAAEBAABKYW5rZTIwMDIucGRmAAAAGAAAAAEGAAAEAAAAFAAAACQAAAA4AAAAUAAAAGQAAAAIAAAABAMAAHtCAAAAAAAACAAAAAQDAABLbwAAAAAAAAgAAAAEAwAAfG8AAAAAAAAIAAAABAMAAC8VAQAAAAAACAAAAAQDAABlFQEAAAAAAAgAAAAEAwAATB0pAAAAAAAYAAAAAQYAAJwAAACsAAAAvAAAAMwAAADcAAAA7AAAAAgAAAAABAAAQcYvNMSPjr8YAAAAAQIAAAEAAAAAAAAADwAAAAAAAAAAAAAAAAAAAAgAAAAEAwAABAAAAAAAAAAEAAAAAwMAAPUBAAAIAAAAAQkAAGZpbGU6Ly8vDAAAAAEBAABNYWNpbnRvc2ggSEQIAAAABAMAAACgIGh0AAAACAAAAAAEAABBxi/IBoAAACQAAAABAQAANDE4RDE0QTAtMDZGMC00QkZBLTlFN0EtQkMzMUU3NzE5MDZDGAAAAAECAACBAAAAAQAAAO8TAAABAAAAAAAAAAAAAAABAAAAAQEAAC8AAAAAAAAAAQUAAPAAAAABAgAAY2YyYmQxOTg2OWJjMGVlODE4NzhjODE2YzMxODRhYmNjN2M3ZGVmYzEyM2I2MmNhZmUyNDMzMzAxNzIzYjhmODswMDswMDAwMDAwMDswMDAwMDAwMDswMDAwMDAwMDswMDAwMDAwMDAwMDAwMDIwO2NvbS5hcHBsZS5hcHAtc2FuZGJveC5yZWFkLXdyaXRlOzAxOzAxMDAwMDA1OzAwMDAwMDAwMDAyOTFkNGM7NTY7L3VzZXJzL2thc3Bhci9kb2N1bWVudHMvYmFjaGVsb3J0aGVzaXMvbGl0ZXJhdHVyL2phbmtlMjAwMi5wZGYAzAAAAP7///8BAAAAAAAAABAAAAAEEAAAfAAAAAAAAAAFEAAA/AAAAAAAAAAQEAAALAEAAAAAAABAEAAAHAEAAAAAAAACIAAA+AEAAAAAAAAFIAAAaAEAAAAAAAAQIAAAeAEAAAAAAAARIAAArAEAAAAAAAASIAAAjAEAAAAAAAATIAAAnAEAAAAAAAAgIAAA2AEAAAAAAAAwIAAABAIAAAAAAAABwAAATAEAAAAAAAARwAAAFAAAAAAAAAASwAAAXAEAAAAAAACA8AAADAIAAAAAAAAACAANABoAIwA9AAAAAAAAAgEAAAAAAAAABQAAAAAAAAAAAAAAAAAABEk=},
	bdsk-url-1 = {https://juser.fz-juelich.de/record/24560?ln=de}}

@article{Binder1976,
	author = {Binder, K. and Landau, D. P.},
	date-added = {2024-08-03 15:01:00 +0200},
	date-modified = {2024-08-17 14:51:41 +0200},
	doi = {10.1103/PhysRevB.13.1140},
	issue = {3},
	journal = {Phys. Rev. B},
	keywords = {Kosterlitz-Transition},
	month = {Feb},
	numpages = {0},
	pages = {1140--1155},
	publisher = {American Physical Society},
	title = {Critical properties of the two-dimensional anisotropic Heisenberg model},
	url = {https://link.aps.org/doi/10.1103/PhysRevB.13.1140},
	volume = {13},
	year = {1976},
	bdsk-file-1 = {YnBsaXN0MDDSAQIDBFxyZWxhdGl2ZVBhdGhYYm9va21hcmtfEBZMaXRlcmF0dXIvQ2FtcDE5NzUucGRmTxEEBGJvb2sEBAAAAAAEEDAAAAAAAAAAAAAAAAAAAAAAAAAAAAAAAAAAAAAAAAAAAAAAAAADAAAFAAAAAQEAAFVzZXJzAAAABgAAAAEBAABrYXNwYXIAAAkAAAABAQAARG9jdW1lbnRzAAAADgAAAAEBAABCYWNoZWxvcnRoZXNpcwAACQAAAAEBAABMaXRlcmF0dXIAAAAMAAAAAQEAAENhbXAxOTc1LnBkZhgAAAABBgAABAAAABQAAAAkAAAAOAAAAFAAAABkAAAACAAAAAQDAAB7QgAAAAAAAAgAAAAEAwAAS28AAAAAAAAIAAAABAMAAHxvAAAAAAAACAAAAAQDAAAvFQEAAAAAAAgAAAAEAwAAZRUBAAAAAAAIAAAABAMAAH2VIwAAAAAAGAAAAAEGAACYAAAAqAAAALgAAADIAAAA2AAAAOgAAAAIAAAAAAQAAEHGJTyf9q1+GAAAAAECAAABAAAAAAAAAA8AAAAAAAAAAAAAAAAAAAAIAAAABAMAAAQAAAAAAAAABAAAAAMDAAD1AQAACAAAAAEJAABmaWxlOi8vLwwAAAABAQAATWFjaW50b3NoIEhECAAAAAQDAAAAoCBodAAAAAgAAAAABAAAQcYvyAaAAAAkAAAAAQEAADQxOEQxNEEwLTA2RjAtNEJGQS05RTdBLUJDMzFFNzcxOTA2QxgAAAABAgAAgQAAAAEAAADvEwAAAQAAAAAAAAAAAAAAAQAAAAEBAAAvAAAAAAAAAAEFAADvAAAAAQIAADFmN2U0ZWUwOTRlYzYwMDNkZGRjMDA4ZWY2Zjg4YWYxM2YwZjliNGMyZjg4MzAyZjRjMjQ1OTk4YmVmMTJiMjY7MDA7MDAwMDAwMDA7MDAwMDAwMDA7MDAwMDAwMDA7MDAwMDAwMDAwMDAwMDAyMDtjb20uYXBwbGUuYXBwLXNhbmRib3gucmVhZC13cml0ZTswMTswMTAwMDAwNTswMDAwMDAwMDAwMjM5NTdkOzU2Oy91c2Vycy9rYXNwYXIvZG9jdW1lbnRzL2JhY2hlbG9ydGhlc2lzL2xpdGVyYXR1ci9jYW1wMTk3NS5wZGYAAMwAAAD+////AQAAAAAAAAAQAAAABBAAAHgAAAAAAAAABRAAAPgAAAAAAAAAEBAAACgBAAAAAAAAQBAAABgBAAAAAAAAAiAAAPQBAAAAAAAABSAAAGQBAAAAAAAAECAAAHQBAAAAAAAAESAAAKgBAAAAAAAAEiAAAIgBAAAAAAAAEyAAAJgBAAAAAAAAICAAANQBAAAAAAAAMCAAAAACAAAAAAAAAcAAAEgBAAAAAAAAEcAAABQAAAAAAAAAEsAAAFgBAAAAAAAAgPAAAAgCAAAAAAAAAAgADQAaACMAPAAAAAAAAAIBAAAAAAAAAAUAAAAAAAAAAAAAAAAAAARE},
	bdsk-url-1 = {https://link.aps.org/doi/10.1103/PhysRevB.13.1140},
	bdsk-url-2 = {https://doi.org/10.1103/PhysRevB.13.1140}}

@article{Kosterlitz1974,
	abstract = {The critical properties of the xy model with nearest-neighbour interactions on a two-dimensional square lattice are studied by a renormalization group technique. The mean magnetization is zero for all temperatures, and the transition is from a state of finite to one of infinite susceptibility. The correlation length is found to diverge faster than any power of the deviation from the critical temperature. Analogues of the strong scaling laws are derived and the critical exponents, eta , and delta , are the same as for the two-dimensional Ising model.},
	author = {J M Kosterlitz},
	date-added = {2024-08-03 14:58:33 +0200},
	date-modified = {2024-08-17 14:51:30 +0200},
	doi = {10.1088/0022-3719/7/6/005},
	journal = {Journal of Physics C: Solid State Physics},
	keywords = {Kosterlitz-Transition},
	month = {mar},
	number = {6},
	pages = {1046},
	title = {The critical properties of the two-dimensional xy model},
	url = {https://dx.doi.org/10.1088/0022-3719/7/6/005},
	volume = {7},
	year = {1974},
	bdsk-file-1 = {YnBsaXN0MDDSAQIDBFxyZWxhdGl2ZVBhdGhYYm9va21hcmtfEBtMaXRlcmF0dXIvS29zdGVybHR6MTk3NC5wZGZPEQQQYm9vaxAEAAAAAAQQMAAAAAAAAAAAAAAAAAAAAAAAAAAAAAAAAAAAAAAAAAAAAAAADAMAAAUAAAABAQAAVXNlcnMAAAAGAAAAAQEAAGthc3BhcgAACQAAAAEBAABEb2N1bWVudHMAAAAOAAAAAQEAAEJhY2hlbG9ydGhlc2lzAAAJAAAAAQEAAExpdGVyYXR1cgAAABEAAAABAQAAS29zdGVybHR6MTk3NC5wZGYAAAAYAAAAAQYAAAQAAAAUAAAAJAAAADgAAABQAAAAZAAAAAgAAAAEAwAAe0IAAAAAAAAIAAAABAMAAEtvAAAAAAAACAAAAAQDAAB8bwAAAAAAAAgAAAAEAwAALxUBAAAAAAAIAAAABAMAAGUVAQAAAAAACAAAAAQDAACOmSMAAAAAABgAAAABBgAAoAAAALAAAADAAAAA0AAAAOAAAADwAAAACAAAAAAEAABBxiU+jwPCWhgAAAABAgAAAQAAAAAAAAAPAAAAAAAAAAAAAAAAAAAACAAAAAQDAAAEAAAAAAAAAAQAAAADAwAA9QEAAAgAAAABCQAAZmlsZTovLy8MAAAAAQEAAE1hY2ludG9zaCBIRAgAAAAEAwAAAKAgaHQAAAAIAAAAAAQAAEHGL8gGgAAAJAAAAAEBAAA0MThEMTRBMC0wNkYwLTRCRkEtOUU3QS1CQzMxRTc3MTkwNkMYAAAAAQIAAIEAAAABAAAA7xMAAAEAAAAAAAAAAAAAAAEAAAABAQAALwAAAAAAAAABBQAA9AAAAAECAAAwNGJmYmI2MTQ2YjBmMTg4MjIyMjY3ZTU5YTFmNjcwYTAwZGM1MWEwNjM1YjU2NzZhNDJiODBhMjMwNjI4YzA2OzAwOzAwMDAwMDAwOzAwMDAwMDAwOzAwMDAwMDAwOzAwMDAwMDAwMDAwMDAwMjA7Y29tLmFwcGxlLmFwcC1zYW5kYm94LnJlYWQtd3JpdGU7MDE7MDEwMDAwMDU7MDAwMDAwMDAwMDIzOTk4ZTs1NjsvdXNlcnMva2FzcGFyL2RvY3VtZW50cy9iYWNoZWxvcnRoZXNpcy9saXRlcmF0dXIva29zdGVybHR6MTk3NC5wZGYAzAAAAP7///8BAAAAAAAAABAAAAAEEAAAgAAAAAAAAAAFEAAAAAEAAAAAAAAQEAAAMAEAAAAAAABAEAAAIAEAAAAAAAACIAAA/AEAAAAAAAAFIAAAbAEAAAAAAAAQIAAAfAEAAAAAAAARIAAAsAEAAAAAAAASIAAAkAEAAAAAAAATIAAAoAEAAAAAAAAgIAAA3AEAAAAAAAAwIAAACAIAAAAAAAABwAAAUAEAAAAAAAARwAAAFAAAAAAAAAASwAAAYAEAAAAAAACA8AAAEAIAAAAAAAAACAANABoAIwBBAAAAAAAAAgEAAAAAAAAABQAAAAAAAAAAAAAAAAAABFU=}}

@article{Camp1975,
	abstract = {The authors have re-examined the high-temperature susceptibility series (through tenth order) for the classical isotropic n=2 (X-Y and planar Heisenberg) and n=3 (Heisenberg) models, following suggestions by Kosterlitz and Thouless (see abstr. A36398 of 1973) that the (n=2) phase transition may be understood in terms of 'topological' order in a dilute vortex gas. Evidence is found (most conclusive for n=2, X-Y) supporting Kosterlitz' suggestion (see abstr. A41169 of 1974) that the susceptibility behaves as X0 exp(A epsilon - nu ), where epsilon =1-K/Kc. For the X-Y case, the authors obtain an apparent exponent of nu approximately=0.75-0.77. For the planar and (n=3) Heisenberg models the evidence is weaker but indicative of nu approximately=0.7 in the former case and nu approximately=0.8 in the latter.},
	author = {W J Camp and J P Van Dyke},
	date-added = {2024-08-03 14:57:32 +0200},
	date-modified = {2024-08-17 14:51:47 +0200},
	doi = {10.1088/0022-3719/8/3/012},
	journal = {Journal of Physics C: Solid State Physics},
	keywords = {Kosterlitz-Transition},
	month = {feb},
	number = {3},
	pages = {336},
	title = {Isotropic magnets in two dimensions},
	url = {https://dx.doi.org/10.1088/0022-3719/8/3/012},
	volume = {8},
	year = {1975},
	bdsk-file-1 = {YnBsaXN0MDDSAQIDBFxyZWxhdGl2ZVBhdGhYYm9va21hcmtfEBZMaXRlcmF0dXIvQ2FtcDE5NzUucGRmTxEEBGJvb2sEBAAAAAAEEDAAAAAAAAAAAAAAAAAAAAAAAAAAAAAAAAAAAAAAAAAAAAAAAAADAAAFAAAAAQEAAFVzZXJzAAAABgAAAAEBAABrYXNwYXIAAAkAAAABAQAARG9jdW1lbnRzAAAADgAAAAEBAABCYWNoZWxvcnRoZXNpcwAACQAAAAEBAABMaXRlcmF0dXIAAAAMAAAAAQEAAENhbXAxOTc1LnBkZhgAAAABBgAABAAAABQAAAAkAAAAOAAAAFAAAABkAAAACAAAAAQDAAB7QgAAAAAAAAgAAAAEAwAAS28AAAAAAAAIAAAABAMAAHxvAAAAAAAACAAAAAQDAAAvFQEAAAAAAAgAAAAEAwAAZRUBAAAAAAAIAAAABAMAAH2VIwAAAAAAGAAAAAEGAACYAAAAqAAAALgAAADIAAAA2AAAAOgAAAAIAAAAAAQAAEHGJTyf9q1+GAAAAAECAAABAAAAAAAAAA8AAAAAAAAAAAAAAAAAAAAIAAAABAMAAAQAAAAAAAAABAAAAAMDAAD1AQAACAAAAAEJAABmaWxlOi8vLwwAAAABAQAATWFjaW50b3NoIEhECAAAAAQDAAAAoCBodAAAAAgAAAAABAAAQcYvyAaAAAAkAAAAAQEAADQxOEQxNEEwLTA2RjAtNEJGQS05RTdBLUJDMzFFNzcxOTA2QxgAAAABAgAAgQAAAAEAAADvEwAAAQAAAAAAAAAAAAAAAQAAAAEBAAAvAAAAAAAAAAEFAADvAAAAAQIAADFmN2U0ZWUwOTRlYzYwMDNkZGRjMDA4ZWY2Zjg4YWYxM2YwZjliNGMyZjg4MzAyZjRjMjQ1OTk4YmVmMTJiMjY7MDA7MDAwMDAwMDA7MDAwMDAwMDA7MDAwMDAwMDA7MDAwMDAwMDAwMDAwMDAyMDtjb20uYXBwbGUuYXBwLXNhbmRib3gucmVhZC13cml0ZTswMTswMTAwMDAwNTswMDAwMDAwMDAwMjM5NTdkOzU2Oy91c2Vycy9rYXNwYXIvZG9jdW1lbnRzL2JhY2hlbG9ydGhlc2lzL2xpdGVyYXR1ci9jYW1wMTk3NS5wZGYAAMwAAAD+////AQAAAAAAAAAQAAAABBAAAHgAAAAAAAAABRAAAPgAAAAAAAAAEBAAACgBAAAAAAAAQBAAABgBAAAAAAAAAiAAAPQBAAAAAAAABSAAAGQBAAAAAAAAECAAAHQBAAAAAAAAESAAAKgBAAAAAAAAEiAAAIgBAAAAAAAAEyAAAJgBAAAAAAAAICAAANQBAAAAAAAAMCAAAAACAAAAAAAAAcAAAEgBAAAAAAAAEcAAABQAAAAAAAAAEsAAAFgBAAAAAAAAgPAAAAgCAAAAAAAAAAgADQAaACMAPAAAAAAAAAIBAAAAAAAAAAUAAAAAAAAAAAAAAAAAAARE},
	bdsk-url-1 = {https://dx.doi.org/10.1088/0022-3719/8/3/012}}

@article{Westfahl2001,
	author = {Westfahl, Harry and Schmalian, J\"org and Wolynes, Peter G.},
	date-added = {2024-08-03 14:48:20 +0200},
	date-modified = {2024-08-17 15:15:46 +0200},
	doi = {10.1103/PhysRevB.64.174203},
	issue = {17},
	journal = {Phys. Rev. B},
	keywords = {Glassy-Transition},
	month = {Oct},
	numpages = {16},
	pages = {174203},
	publisher = {American Physical Society},
	read = {1},
	title = {Self-generated randomness, defect wandering, and viscous flow in stripe glasses},
	url = {https://link.aps.org/doi/10.1103/PhysRevB.64.174203},
	volume = {64},
	year = {2001},
	bdsk-file-1 = {YnBsaXN0MDDSAQIDBFxyZWxhdGl2ZVBhdGhYYm9va21hcmtfEB1MaXRlcmF0dXIvV2VzdGZhaGwyMDAxbmV3LnBkZk8RBFBib29rUAQAAAAABBAwAAAAAAAAAAAAAAAAAAAAAAAAAAAAAAAAAAAAAAAAAAAAAABAAwAABQAAAAEBAABVc2VycwAAAAYAAAABAQAAa2FzcGFyAAAJAAAAAQEAAERvY3VtZW50cwAAAA4AAAABAQAAQmFjaGVsb3J0aGVzaXMAAAkAAAABAQAATGl0ZXJhdHVyAAAAEwAAAAEBAABXZXN0ZmFobDIwMDFuZXcucGRmABgAAAABBgAABAAAABQAAAAkAAAAOAAAAFAAAABkAAAACAAAAAQDAAB7QgAAAAAAAAgAAAAEAwAAS28AAAAAAAAIAAAABAMAAHxvAAAAAAAACAAAAAQDAAAvFQEAAAAAAAgAAAAEAwAAZRUBAAAAAAAIAAAABAMAAALvKAAAAAAAGAAAAAEGAACgAAAAsAAAAMAAAADQAAAA4AAAAPAAAAAIAAAAAAQAAEHGK9vkTwpxGAAAAAECAAABAAAAAAAAAA8AAAAAAAAAAAAAAAAAAAAIAAAABAMAAAQAAAAAAAAABAAAAAMDAAD1AQAACAAAAAEJAABmaWxlOi8vLwwAAAABAQAATWFjaW50b3NoIEhECAAAAAQDAAAAoCBodAAAAAgAAAAABAAAQcYvyAaAAAAkAAAAAQEAADQxOEQxNEEwLTA2RjAtNEJGQS05RTdBLUJDMzFFNzcxOTA2QxgAAAABAgAAgQAAAAEAAADvEwAAAQAAAAAAAAAAAAAAAQAAAAEBAAAvAAAAAAAAAAEFAAAaAAAAAQEAAE5TVVJMRG9jdW1lbnRJZGVudGlmaWVyS2V5AAAEAAAAAwMAAEIAAAD2AAAAAQIAADg2ZWU5YjlmZmYwZDhkNTc3MDk4NjJjNzZlNmY5MjIxZDkzYWJhYzAzNWEzNGQ2NGJkOTg0YjJiMzJjNzlmNDY7MDA7MDAwMDAwMDA7MDAwMDAwMDA7MDAwMDAwMDA7MDAwMDAwMDAwMDAwMDAyMDtjb20uYXBwbGUuYXBwLXNhbmRib3gucmVhZC13cml0ZTswMTswMTAwMDAwNTswMDAwMDAwMDAwMjhlZjAyOzU2Oy91c2Vycy9rYXNwYXIvZG9jdW1lbnRzL2JhY2hlbG9ydGhlc2lzL2xpdGVyYXR1ci93ZXN0ZmFobDIwMDFuZXcucGRmAAAA2AAAAP7///8BAAAAAAAAABEAAAAEEAAAgAAAAAAAAAAFEAAAAAEAAAAAAAAQEAAAMAEAAAAAAABAEAAAIAEAAAAAAAACIAAA/AEAAAAAAAAFIAAAbAEAAAAAAAAQIAAAfAEAAAAAAAARIAAAsAEAAAAAAAASIAAAkAEAAAAAAAATIAAAoAEAAAAAAAAgIAAA3AEAAAAAAAAwIAAACAIAAAAAAAABwAAAUAEAAAAAAAARwAAAFAAAAAAAAAASwAAAYAEAAAAAAACA8AAAQAIAAAAAAAAQAgCANAIAAAAAAAAACAANABoAIwBDAAAAAAAAAgEAAAAAAAAABQAAAAAAAAAAAAAAAAAABJc=},
	bdsk-file-2 = {YnBsaXN0MDDSAQIDBFxyZWxhdGl2ZVBhdGhYYm9va21hcmtfEBpMaXRlcmF0dXIvV2VzdGZhaGwyMDAxLnBkZk8RBAxib29rDAQAAAAABBAwAAAAAAAAAAAAAAAAAAAAAAAAAAAAAAAAAAAAAAAAAAAAAAAIAwAABQAAAAEBAABVc2VycwAAAAYAAAABAQAAa2FzcGFyAAAJAAAAAQEAAERvY3VtZW50cwAAAA4AAAABAQAAQmFjaGVsb3J0aGVzaXMAAAkAAAABAQAATGl0ZXJhdHVyAAAAEAAAAAEBAABXZXN0ZmFobDIwMDEucGRmGAAAAAEGAAAEAAAAFAAAACQAAAA4AAAAUAAAAGQAAAAIAAAABAMAAHtCAAAAAAAACAAAAAQDAABLbwAAAAAAAAgAAAAEAwAAfG8AAAAAAAAIAAAABAMAAC8VAQAAAAAACAAAAAQDAABlFQEAAAAAAAgAAAAEAwAAL1QqAAAAAAAYAAAAAQYAAJwAAACsAAAAvAAAAMwAAADcAAAA7AAAAAgAAAAABAAAQcYwerFDqIoYAAAAAQIAAAEAAAAAAAAADwAAAAAAAAAAAAAAAAAAAAgAAAAEAwAABAAAAAAAAAAEAAAAAwMAAPUBAAAIAAAAAQkAAGZpbGU6Ly8vDAAAAAEBAABNYWNpbnRvc2ggSEQIAAAABAMAAACgIGh0AAAACAAAAAAEAABBxi/IBoAAACQAAAABAQAANDE4RDE0QTAtMDZGMC00QkZBLTlFN0EtQkMzMUU3NzE5MDZDGAAAAAECAACBAAAAAQAAAO8TAAABAAAAAAAAAAAAAAABAAAAAQEAAC8AAAAAAAAAAQUAAPMAAAABAgAAODkyYTFjNjEwYjMxODQ0M2EwYjVkZGMzNGZlZTlhYTc3YmQ2ZGM2M2Q1NjMxZTZlOWEzMjA2Y2M2YTlhNjRlODswMDswMDAwMDAwMDswMDAwMDAwMDswMDAwMDAwMDswMDAwMDAwMDAwMDAwMDIwO2NvbS5hcHBsZS5hcHAtc2FuZGJveC5yZWFkLXdyaXRlOzAxOzAxMDAwMDA1OzAwMDAwMDAwMDAyYTU0MmY7NTY7L3VzZXJzL2thc3Bhci9kb2N1bWVudHMvYmFjaGVsb3J0aGVzaXMvbGl0ZXJhdHVyL3dlc3RmYWhsMjAwMS5wZGYAAMwAAAD+////AQAAAAAAAAAQAAAABBAAAHwAAAAAAAAABRAAAPwAAAAAAAAAEBAAACwBAAAAAAAAQBAAABwBAAAAAAAAAiAAAPgBAAAAAAAABSAAAGgBAAAAAAAAECAAAHgBAAAAAAAAESAAAKwBAAAAAAAAEiAAAIwBAAAAAAAAEyAAAJwBAAAAAAAAICAAANgBAAAAAAAAMCAAAAQCAAAAAAAAAcAAAEwBAAAAAAAAEcAAABQAAAAAAAAAEsAAAFwBAAAAAAAAgPAAAAwCAAAAAAAAAAgADQAaACMAQAAAAAAAAAIBAAAAAAAAAAUAAAAAAAAAAAAAAAAAAARQ},
	bdsk-url-1 = {https://link.aps.org/doi/10.1103/PhysRevB.64.174203},
	bdsk-url-2 = {https://doi.org/10.1103/PhysRevB.64.174203}}

@book{Landau1976,
	address = {Oxford},
	author = {L.D. Landau and E.M. Lifshitz},
	date-added = {2024-07-17 13:52:51 +0200},
	date-modified = {2024-08-04 13:09:13 +0200},
	doi = {https://doi.org/10.1016/C2009-0-24487-4},
	edition = {3},
	isbn = {978 0 08 057046 4},
	keywords = {Basics},
	publisher = {Butterworth-Heinemann},
	read = {1},
	title = {Statistical Physics},
	url = {https://doi.org/10.1016/C2009-0-24487-4},
	volume = {5},
	year = {1980},
	bdsk-file-1 = {YnBsaXN0MDDSAQIDBFxyZWxhdGl2ZVBhdGhYYm9va21hcmtfEBhMaXRlcmF0dXIvTGFuZGF1MTk3Ni5wZGZPEQRIYm9va0gEAAAAAAQQMAAAAAAAAAAAAAAAAAAAAAAAAAAAAAAAAAAAAAAAAAAAAAAAOAMAAAUAAAABAQAAVXNlcnMAAAAGAAAAAQEAAGthc3BhcgAACQAAAAEBAABEb2N1bWVudHMAAAAOAAAAAQEAAEJhY2hlbG9ydGhlc2lzAAAJAAAAAQEAAExpdGVyYXR1cgAAAA4AAAABAQAATGFuZGF1MTk3Ni5wZGYAABgAAAABBgAABAAAABQAAAAkAAAAOAAAAFAAAABkAAAACAAAAAQDAAB7QgAAAAAAAAgAAAAEAwAAS28AAAAAAAAIAAAABAMAAHxvAAAAAAAACAAAAAQDAAAvFQEAAAAAAAgAAAAEAwAAZRUBAAAAAAAIAAAABAMAAAChKwAAAAAAGAAAAAEGAACcAAAArAAAALwAAADMAAAA3AAAAOwAAAAIAAAAAAQAAEHGI+KXqU4pGAAAAAECAAABAAAAAAAAAA8AAAAAAAAAAAAAAAAAAAAIAAAABAMAAAQAAAAAAAAABAAAAAMDAAD1AQAACAAAAAEJAABmaWxlOi8vLwwAAAABAQAATWFjaW50b3NoIEhECAAAAAQDAAAAoCBodAAAAAgAAAAABAAAQcYvyAaAAAAkAAAAAQEAADQxOEQxNEEwLTA2RjAtNEJGQS05RTdBLUJDMzFFNzcxOTA2QxgAAAABAgAAgQAAAAEAAADvEwAAAQAAAAAAAAAAAAAAAQAAAAEBAAAvAAAAAAAAAAEFAAAaAAAAAQEAAE5TVVJMRG9jdW1lbnRJZGVudGlmaWVyS2V5AAAEAAAAAwMAAEcAAADxAAAAAQIAAGYxMjk0MTUyZDY5MmU1OWViZWI1Mjk4Yzc4NjA0NTZiODg5NzM1ZTYwOTA1ODg3YjM3M2I0N2Y2YWIyYzJiODY7MDA7MDAwMDAwMDA7MDAwMDAwMDA7MDAwMDAwMDA7MDAwMDAwMDAwMDAwMDAyMDtjb20uYXBwbGUuYXBwLXNhbmRib3gucmVhZC13cml0ZTswMTswMTAwMDAwNTswMDAwMDAwMDAwMmJhMTAwOzU2Oy91c2Vycy9rYXNwYXIvZG9jdW1lbnRzL2JhY2hlbG9ydGhlc2lzL2xpdGVyYXR1ci9sYW5kYXUxOTc2LnBkZgAAAADYAAAA/v///wEAAAAAAAAAEQAAAAQQAAB8AAAAAAAAAAUQAAD8AAAAAAAAABAQAAAsAQAAAAAAAEAQAAAcAQAAAAAAAAIgAAD4AQAAAAAAAAUgAABoAQAAAAAAABAgAAB4AQAAAAAAABEgAACsAQAAAAAAABIgAACMAQAAAAAAABMgAACcAQAAAAAAACAgAADYAQAAAAAAADAgAAAEAgAAAAAAAAHAAABMAQAAAAAAABHAAAAUAAAAAAAAABLAAABcAQAAAAAAAIDwAAA8AgAAAAAAAAwCAIAwAgAAAAAAAAAIAA0AGgAjAD4AAAAAAAACAQAAAAAAAAAFAAAAAAAAAAAAAAAAAAAEig==},
	bdsk-url-1 = {https://www.sciencedirect.com/science/article/pii/B978008057046450021X},
	bdsk-url-2 = {https://doi.org/10.1016/B978-0-08-057046-4.50021-X}}

@book{Behrends2013,
	author = {Behrends, Ehrhard},
	date-added = {2024-07-10 14:42:53 +0200},
	date-modified = {2024-08-03 15:06:04 +0200},
	doi = {https://doi.org/10.1007/978-3-8348-2331-1},
	edition = {1},
	isbn = {9783834823311},
	keywords = {Basics},
	publisher = {Springer Fachmedien Wiesbaden},
	series = {Springer-Lehrbuch},
	title = {Elementare Stochastik},
	url = {https://link.springer.com/book/10.1007/978-3-8348-2331-1},
	year = {2013},
	bdsk-file-1 = {YnBsaXN0MDDSAQIDBFxyZWxhdGl2ZVBhdGhYYm9va21hcmtfEDIuLi9NYXRoZW1hdGljcy9MaXRlcmF0dXIvRWxlbWVudGFyZSBTdG9jaGFzdGlrLnBkZk8RBBxib29rHAQAAAAABBAwAAAAAAAAAAAAAAAAAAAAAAAAAAAAAAAAAAAAAAAAAAAAAAAYAwAABQAAAAEBAABVc2VycwAAAAYAAAABAQAAa2FzcGFyAAAJAAAAAQEAAERvY3VtZW50cwAAAAsAAAABAQAATWF0aGVtYXRpY3MACQAAAAEBAABMaXRlcmF0dXIAAAAZAAAAAQEAAEVsZW1lbnRhcmUgU3RvY2hhc3Rpay5wZGYAAAAYAAAAAQYAAAQAAAAUAAAAJAAAADgAAABMAAAAYAAAAAgAAAAEAwAAe0IAAAAAAAAIAAAABAMAAEtvAAAAAAAACAAAAAQDAAB8bwAAAAAAAAgAAAAEAwAAyQ8DAAAAAAAIAAAABAMAAFcQAwAAAAAACAAAAAQDAABfEAMAAAAAABgAAAABBgAApAAAALQAAADEAAAA1AAAAOQAAAD0AAAACAAAAAAEAABBw6NMkcq0uxgAAAABAgAAAQAAAAAAAAAPAAAAAAAAAAAAAAAAAAAACAAAAAQDAAAEAAAAAAAAAAQAAAADAwAA9QEAAAgAAAABCQAAZmlsZTovLy8MAAAAAQEAAE1hY2ludG9zaCBIRAgAAAAEAwAAAKAgaHQAAAAIAAAAAAQAAEHGL8gGgAAAJAAAAAEBAAA0MThEMTRBMC0wNkYwLTRCRkEtOUU3QS1CQzMxRTc3MTkwNkMYAAAAAQIAAIEAAAABAAAA7xMAAAEAAAAAAAAAAAAAAAEAAAABAQAALwAAAAAAAAABBQAA+QAAAAECAAAxZDlmYTM2NjdkYmRmMjJkZjA0ZDBlYzc1NTVkYWFhYzRiNTQ2MWU3ZjA2MzE5MjQ0OTFhYTQzNjIyMTIwOGQ3OzAwOzAwMDAwMDAwOzAwMDAwMDAwOzAwMDAwMDAwOzAwMDAwMDAwMDAwMDAwMjA7Y29tLmFwcGxlLmFwcC1zYW5kYm94LnJlYWQtd3JpdGU7MDE7MDEwMDAwMDU7MDAwMDAwMDAwMDAzMTA1Zjs1NjsvdXNlcnMva2FzcGFyL2RvY3VtZW50cy9tYXRoZW1hdGljcy9saXRlcmF0dXIvZWxlbWVudGFyZSBzdG9jaGFzdGlrLnBkZgAAAADMAAAA/v///wEAAAAAAAAAEAAAAAQQAACEAAAAAAAAAAUQAAAEAQAAAAAAABAQAAA0AQAAAAAAAEAQAAAkAQAAAAAAAAIgAAAAAgAAAAAAAAUgAABwAQAAAAAAABAgAACAAQAAAAAAABEgAAC0AQAAAAAAABIgAACUAQAAAAAAABMgAACkAQAAAAAAACAgAADgAQAAAAAAADAgAAAMAgAAAAAAAAHAAABUAQAAAAAAABHAAAAUAAAAAAAAABLAAABkAQAAAAAAAIDwAAAUAgAAAAAAAAAIAA0AGgAjAFgAAAAAAAACAQAAAAAAAAAFAAAAAAAAAAAAAAAAAAAEeA==},
	bdsk-url-1 = {https://link.springer.com/book/10.1007/978-3-8348-2331-1},
	bdsk-url-2 = {https://doi.org/10.1007/978-3-8348-2331-1}}

@article{Metropolis1953,
	abstract = {{A general method, suitable for fast computing machines, for investigating such properties as equations of state for substances consisting of interacting individual molecules is described. The method consists of a modified Monte Carlo integration over configuration space. Results for the two‐dimensional rigid‐sphere system have been obtained on the Los Alamos MANIAC and are presented here. These results are compared to the free volume equation of state and to a four‐term virial coefficient expansion.}},
	author = {Metropolis, Nicholas and Rosenbluth, Arianna W. and Rosenbluth, Marshall N. and Teller, Augusta H. and Teller, Edward},
	date-added = {2024-07-06 17:01:44 +0200},
	date-modified = {2024-08-03 15:05:18 +0200},
	doi = {10.1063/1.1699114},
	issn = {0021-9606},
	journal = {The Journal of Chemical Physics},
	keywords = {Basics},
	month = {06},
	number = {6},
	pages = {1087-1092},
	title = {{Equation of State Calculations by Fast Computing Machines}},
	url = {https://doi.org/10.1063/1.1699114},
	volume = {21},
	year = {1953},
	bdsk-file-1 = {YnBsaXN0MDDSAQIDBFxyZWxhdGl2ZVBhdGhYYm9va21hcmtfEBxMaXRlcmF0dXIvTWV0cm9wb2xpczE5NTMucGRmTxEEUGJvb2tQBAAAAAAEEDAAAAAAAAAAAAAAAAAAAAAAAAAAAAAAAAAAAAAAAAAAAAAAAEADAAAFAAAAAQEAAFVzZXJzAAAABgAAAAEBAABrYXNwYXIAAAkAAAABAQAARG9jdW1lbnRzAAAADgAAAAEBAABCYWNoZWxvcnRoZXNpcwAACQAAAAEBAABMaXRlcmF0dXIAAAASAAAAAQEAAE1ldHJvcG9saXMxOTUzLnBkZgAAGAAAAAEGAAAEAAAAFAAAACQAAAA4AAAAUAAAAGQAAAAIAAAABAMAAHtCAAAAAAAACAAAAAQDAABLbwAAAAAAAAgAAAAEAwAAfG8AAAAAAAAIAAAABAMAAC8VAQAAAAAACAAAAAQDAABlFQEAAAAAAAgAAAAEAwAA5eAbAAAAAAAYAAAAAQYAAKAAAACwAAAAwAAAANAAAADgAAAA8AAAAAgAAAAABAAAQcYcyZtwTFgYAAAAAQIAAAEAAAAAAAAADwAAAAAAAAAAAAAAAAAAAAgAAAAEAwAABAAAAAAAAAAEAAAAAwMAAPUBAAAIAAAAAQkAAGZpbGU6Ly8vDAAAAAEBAABNYWNpbnRvc2ggSEQIAAAABAMAAACgIGh0AAAACAAAAAAEAABBxi/IBoAAACQAAAABAQAANDE4RDE0QTAtMDZGMC00QkZBLTlFN0EtQkMzMUU3NzE5MDZDGAAAAAECAACBAAAAAQAAAO8TAAABAAAAAAAAAAAAAAABAAAAAQEAAC8AAAAAAAAAAQUAABoAAAABAQAATlNVUkxEb2N1bWVudElkZW50aWZpZXJLZXkAAAQAAAADAwAAPAAAAPUAAAABAgAANDBjYWNiNWY0NzY5Mjk1ZGExNTUyYzViNzFiYjQzMmY3YTIxODA1OTkwZGJhZmYxOThiMTlhNDY4OWMzOTNjZDswMDswMDAwMDAwMDswMDAwMDAwMDswMDAwMDAwMDswMDAwMDAwMDAwMDAwMDIwO2NvbS5hcHBsZS5hcHAtc2FuZGJveC5yZWFkLXdyaXRlOzAxOzAxMDAwMDA1OzAwMDAwMDAwMDAxYmUwZTU7NTY7L3VzZXJzL2thc3Bhci9kb2N1bWVudHMvYmFjaGVsb3J0aGVzaXMvbGl0ZXJhdHVyL21ldHJvcG9saXMxOTUzLnBkZgAAAADYAAAA/v///wEAAAAAAAAAEQAAAAQQAACAAAAAAAAAAAUQAAAAAQAAAAAAABAQAAAwAQAAAAAAAEAQAAAgAQAAAAAAAAIgAAD8AQAAAAAAAAUgAABsAQAAAAAAABAgAAB8AQAAAAAAABEgAACwAQAAAAAAABIgAACQAQAAAAAAABMgAACgAQAAAAAAACAgAADcAQAAAAAAADAgAAAIAgAAAAAAAAHAAABQAQAAAAAAABHAAAAUAAAAAAAAABLAAABgAQAAAAAAAIDwAABAAgAAAAAAABACAIA0AgAAAAAAAAAIAA0AGgAjAEIAAAAAAAACAQAAAAAAAAAFAAAAAAAAAAAAAAAAAAAElg==},
	bdsk-url-1 = {https://doi.org/10.1063/1.1699114}}

@article{Chodera2007,
	abstract = { The growing adoption of generalized-ensemble algorithms for biomolecular simulation has resulted in a resurgence in the use of the weighted histogram analysis method (WHAM) to make use of all data generated by these simulations. Unfortunately, the original presentation of WHAM by Kumar et al. is not directly applicable to data generated by these methods. WHAM was originally formulated to combine data from independent samplings of the canonical ensemble, whereas many generalized-ensemble algorithms sample from mixtures of canonical ensembles at different temperatures. Sorting configurations generated from a parallel tempering simulation by temperature obscures the temporal correlation in the data and results in an improper treatment of the statistical uncertainties used in constructing the estimate of the density of states. Here we present variants of WHAM, STWHAM and PTWHAM, derived with the same set of assumptions, that can be directly applied to several generalized ensemble algorithms, including simulated tempering, parallel tempering (better known as replica-exchange among temperatures), and replica-exchange simulated tempering. We present methods that explicitly capture the considerable temporal correlation in sequentially generated configurations using autocorrelation analysis. This allows estimation of the statistical uncertainty in WHAM estimates of expectations for the canonical ensemble. We test the method with a one-dimensional model system and then apply it to the estimation of potentials of mean force from parallel tempering simulations of the alanine dipeptide in both implicit and explicit solvent. },
	author = {Chodera, John D. and Swope, William C. and Pitera, Jed W. and Seok, Chaok and Dill, Ken A.},
	date-added = {2024-06-04 10:16:36 +0200},
	date-modified = {2024-08-17 15:16:26 +0200},
	doi = {10.1021/ct0502864},
	journal = {Journal of Chemical Theory and Computation},
	keywords = {Basics},
	number = {1},
	pages = {26-41},
	read = {1},
	title = {Use of the Weighted Histogram Analysis Method for the Analysis of Simulated and Parallel Tempering Simulations},
	url = {https://doi.org/10.1021/ct0502864},
	volume = {3},
	year = {2007},
	bdsk-file-1 = {YnBsaXN0MDDSAQIDBFxyZWxhdGl2ZVBhdGhYYm9va21hcmtfEBlMaXRlcmF0dXIvQ2hvZGVyYTIwMDcucGRmTxEEDGJvb2sMBAAAAAAEEDAAAAAAAAAAAAAAAAAAAAAAAAAAAAAAAAAAAAAAAAAAAAAAAAgDAAAFAAAAAQEAAFVzZXJzAAAABgAAAAEBAABrYXNwYXIAAAkAAAABAQAARG9jdW1lbnRzAAAADgAAAAEBAABCYWNoZWxvcnRoZXNpcwAACQAAAAEBAABMaXRlcmF0dXIAAAAPAAAAAQEAAENob2RlcmEyMDA3LnBkZgAYAAAAAQYAAAQAAAAUAAAAJAAAADgAAABQAAAAZAAAAAgAAAAEAwAAe0IAAAAAAAAIAAAABAMAAEtvAAAAAAAACAAAAAQDAAB8bwAAAAAAAAgAAAAEAwAALxUBAAAAAAAIAAAABAMAAGUVAQAAAAAACAAAAAQDAABnFQEAAAAAABgAAAABBgAAnAAAAKwAAAC8AAAAzAAAANwAAADsAAAACAAAAAAEAABBxgd/LJqMtBgAAAABAgAAAQAAAAAAAAAPAAAAAAAAAAAAAAAAAAAACAAAAAQDAAAEAAAAAAAAAAQAAAADAwAA9QEAAAgAAAABCQAAZmlsZTovLy8MAAAAAQEAAE1hY2ludG9zaCBIRAgAAAAEAwAAAKAgaHQAAAAIAAAAAAQAAEHGL8gGgAAAJAAAAAEBAAA0MThEMTRBMC0wNkYwLTRCRkEtOUU3QS1CQzMxRTc3MTkwNkMYAAAAAQIAAIEAAAABAAAA7xMAAAEAAAAAAAAAAAAAAAEAAAABAQAALwAAAAAAAAABBQAA8gAAAAECAAA4MDg4ODIwYTJkYjMzZGQ1ZjEyNGYzYzJjZmFhNWNjNmU3Y2FlZDk4MjkzNDhjMzE5ZDYzMjhjY2YyZDdiYWY5OzAwOzAwMDAwMDAwOzAwMDAwMDAwOzAwMDAwMDAwOzAwMDAwMDAwMDAwMDAwMjA7Y29tLmFwcGxlLmFwcC1zYW5kYm94LnJlYWQtd3JpdGU7MDE7MDEwMDAwMDU7MDAwMDAwMDAwMDAxMTU2Nzs1NjsvdXNlcnMva2FzcGFyL2RvY3VtZW50cy9iYWNoZWxvcnRoZXNpcy9saXRlcmF0dXIvY2hvZGVyYTIwMDcucGRmAAAAzAAAAP7///8BAAAAAAAAABAAAAAEEAAAfAAAAAAAAAAFEAAA/AAAAAAAAAAQEAAALAEAAAAAAABAEAAAHAEAAAAAAAACIAAA+AEAAAAAAAAFIAAAaAEAAAAAAAAQIAAAeAEAAAAAAAARIAAArAEAAAAAAAASIAAAjAEAAAAAAAATIAAAnAEAAAAAAAAgIAAA2AEAAAAAAAAwIAAABAIAAAAAAAABwAAATAEAAAAAAAARwAAAFAAAAAAAAAASwAAAXAEAAAAAAACA8AAADAIAAAAAAAAACAANABoAIwA/AAAAAAAAAgEAAAAAAAAABQAAAAAAAAAAAAAAAAAABE8=}}

@inbook{Janke2012,
	abstract = { Abstract This chapter starts with an overview of Monte Carlo computer simulation methodologies which are illustrated for the simple case of the Ising model. After reviewing importance sampling schemes based on Markov chains and standard local update rules (Metropolis, Glauber, heat-bath), nonlocal cluster-update algorithms are explained which drastically reduce the problem of critical slowing down at second-order phase transitions and thus improve the performance of simulations. How this can be quantified is explained in the section on statistical error analyses of simulation data including the effect of temporal correlations and autocorrelation times. Histogram reweighting methods are explained in the next section. Eventually, more advanced generalized ensemble methods (simulated and parallel tempering, multicanonical ensemble, Wang-Landau method) are discussed which are particularly important for simulations of first-order phase transitions and, in general, of systems with rare-event states. The setup of scaling and finite-size scaling analyses is the content of the following section. The chapter concludes with two advanced applications to complex physical systems. The first example deals with a quenched, diluted ferromagnet, and in the second application we consider the adsorption properties of macromolecules such as polymers and proteins to solid substrates. Such systems often require especially tailored algorithms for their efficient and successful simulation. },
	author = {Wolfhard Janke},
	booktitle = {Order, Disorder and Criticality},
	chapter = {3},
	date-added = {2024-05-29 11:45:02 +0200},
	date-modified = {2024-08-17 15:03:30 +0200},
	doi = {10.1142/9789814417891_0003},
	keywords = {Basics},
	month = {06},
	pages = {93-166},
	publisher = {World Scientific},
	read = {1},
	title = {Monte Carlo Simulations in Statistical Physics - From Basic Principles to Advanced Applications},
	url = {https://www.worldscientific.com/doi/pdf/10.1142/9789814417891_0003},
	year = {2012},
	bdsk-file-1 = {YnBsaXN0MDDSAQIDBFxyZWxhdGl2ZVBhdGhYYm9va21hcmtfEBdMaXRlcmF0dXIvSmFua2UyMDEyLnBkZk8RBAhib29rCAQAAAAABBAwAAAAAAAAAAAAAAAAAAAAAAAAAAAAAAAAAAAAAAAAAAAAAAAEAwAABQAAAAEBAABVc2VycwAAAAYAAAABAQAAa2FzcGFyAAAJAAAAAQEAAERvY3VtZW50cwAAAA4AAAABAQAAQmFjaGVsb3J0aGVzaXMAAAkAAAABAQAATGl0ZXJhdHVyAAAADQAAAAEBAABKYW5rZTIwMTIucGRmAAAAGAAAAAEGAAAEAAAAFAAAACQAAAA4AAAAUAAAAGQAAAAIAAAABAMAAHtCAAAAAAAACAAAAAQDAABLbwAAAAAAAAgAAAAEAwAAfG8AAAAAAAAIAAAABAMAAC8VAQAAAAAACAAAAAQDAABlFQEAAAAAAAgAAAAEAwAAchUBAAAAAAAYAAAAAQYAAJwAAACsAAAAvAAAAMwAAADcAAAA7AAAAAgAAAAABAAAQcVrXEyx/0QYAAAAAQIAAAEAAAAAAAAADwAAAAAAAAAAAAAAAAAAAAgAAAAEAwAABAAAAAAAAAAEAAAAAwMAAPUBAAAIAAAAAQkAAGZpbGU6Ly8vDAAAAAEBAABNYWNpbnRvc2ggSEQIAAAABAMAAACgIGh0AAAACAAAAAAEAABBxi/IBoAAACQAAAABAQAANDE4RDE0QTAtMDZGMC00QkZBLTlFN0EtQkMzMUU3NzE5MDZDGAAAAAECAACBAAAAAQAAAO8TAAABAAAAAAAAAAAAAAABAAAAAQEAAC8AAAAAAAAAAQUAAPAAAAABAgAAYWZkZDlkMmRiNWZmNjEyNDU4NDcwZDU5NzhlYjYxODVhOGRiMDhlNjg4NDZkMzAwODY0YWQ3ZTAwZGM2Y2IzNDswMDswMDAwMDAwMDswMDAwMDAwMDswMDAwMDAwMDswMDAwMDAwMDAwMDAwMDIwO2NvbS5hcHBsZS5hcHAtc2FuZGJveC5yZWFkLXdyaXRlOzAxOzAxMDAwMDA1OzAwMDAwMDAwMDAwMTE1NzI7NTY7L3VzZXJzL2thc3Bhci9kb2N1bWVudHMvYmFjaGVsb3J0aGVzaXMvbGl0ZXJhdHVyL2phbmtlMjAxMi5wZGYAzAAAAP7///8BAAAAAAAAABAAAAAEEAAAfAAAAAAAAAAFEAAA/AAAAAAAAAAQEAAALAEAAAAAAABAEAAAHAEAAAAAAAACIAAA+AEAAAAAAAAFIAAAaAEAAAAAAAAQIAAAeAEAAAAAAAARIAAArAEAAAAAAAASIAAAjAEAAAAAAAATIAAAnAEAAAAAAAAgIAAA2AEAAAAAAAAwIAAABAIAAAAAAAABwAAATAEAAAAAAAARwAAAFAAAAAAAAAASwAAAXAEAAAAAAACA8AAADAIAAAAAAAAACAANABoAIwA9AAAAAAAAAgEAAAAAAAAABQAAAAAAAAAAAAAAAAAABEk=},
	bdsk-url-1 = {https://doi.org/10.1142/9789814417891_0003}}

@book{Bevington2003,
	adress = {New York},
	author = {Bevington, P. and Robinson, D.K.},
	date-added = {2024-05-29 11:32:03 +0200},
	date-modified = {2024-08-03 15:05:37 +0200},
	edition = {3rd},
	isbn = {9780072472271},
	keywords = {Basics},
	publisher = {McGraw-Hill Education},
	read = {1},
	title = {Data Reduction and Error Analysis for the Physical Sciences},
	year = {2003},
	bdsk-file-1 = {YnBsaXN0MDDSAQIDBFxyZWxhdGl2ZVBhdGhYYm9va21hcmtfEBtMaXRlcmF0dXIvQmV2aW5ndG9uMjAwMy5wZGZPEQQQYm9vaxAEAAAAAAQQMAAAAAAAAAAAAAAAAAAAAAAAAAAAAAAAAAAAAAAAAAAAAAAADAMAAAUAAAABAQAAVXNlcnMAAAAGAAAAAQEAAGthc3BhcgAACQAAAAEBAABEb2N1bWVudHMAAAAOAAAAAQEAAEJhY2hlbG9ydGhlc2lzAAAJAAAAAQEAAExpdGVyYXR1cgAAABEAAAABAQAAQmV2aW5ndG9uMjAwMy5wZGYAAAAYAAAAAQYAAAQAAAAUAAAAJAAAADgAAABQAAAAZAAAAAgAAAAEAwAAe0IAAAAAAAAIAAAABAMAAEtvAAAAAAAACAAAAAQDAAB8bwAAAAAAAAgAAAAEAwAALxUBAAAAAAAIAAAABAMAAGUVAQAAAAAACAAAAAQDAABsFQEAAAAAABgAAAABBgAAoAAAALAAAADAAAAA0AAAAOAAAADwAAAACAAAAAAEAABBxgOKZkMv2xgAAAABAgAAAQAAAAAAAAAPAAAAAAAAAAAAAAAAAAAACAAAAAQDAAAEAAAAAAAAAAQAAAADAwAA9QEAAAgAAAABCQAAZmlsZTovLy8MAAAAAQEAAE1hY2ludG9zaCBIRAgAAAAEAwAAAKAgaHQAAAAIAAAAAAQAAEHGL8gGgAAAJAAAAAEBAAA0MThEMTRBMC0wNkYwLTRCRkEtOUU3QS1CQzMxRTc3MTkwNkMYAAAAAQIAAIEAAAABAAAA7xMAAAEAAAAAAAAAAAAAAAEAAAABAQAALwAAAAAAAAABBQAA9AAAAAECAAA2Y2NiM2NjMGY5M2U5ZjU0OGQ0MGRjZmQyNWRiZDA1MTA0NWJmMWVkMmQyNWIyNWIwYzY4ZjdlMzNhZDRlNDM3OzAwOzAwMDAwMDAwOzAwMDAwMDAwOzAwMDAwMDAwOzAwMDAwMDAwMDAwMDAwMjA7Y29tLmFwcGxlLmFwcC1zYW5kYm94LnJlYWQtd3JpdGU7MDE7MDEwMDAwMDU7MDAwMDAwMDAwMDAxMTU2Yzs1NjsvdXNlcnMva2FzcGFyL2RvY3VtZW50cy9iYWNoZWxvcnRoZXNpcy9saXRlcmF0dXIvYmV2aW5ndG9uMjAwMy5wZGYAzAAAAP7///8BAAAAAAAAABAAAAAEEAAAgAAAAAAAAAAFEAAAAAEAAAAAAAAQEAAAMAEAAAAAAABAEAAAIAEAAAAAAAACIAAA/AEAAAAAAAAFIAAAbAEAAAAAAAAQIAAAfAEAAAAAAAARIAAAsAEAAAAAAAASIAAAkAEAAAAAAAATIAAAoAEAAAAAAAAgIAAA3AEAAAAAAAAwIAAACAIAAAAAAAABwAAAUAEAAAAAAAARwAAAFAAAAAAAAAASwAAAYAEAAAAAAACA8AAAEAIAAAAAAAAACAANABoAIwBBAAAAAAAAAgEAAAAAAAAABQAAAAAAAAAAAAAAAAAABFU=}}

@article{Kim2021,
	abstract = {The square-lattice Ising model with nearest-neighbor ({\$}{\$}J{\_}1{\$}{\$}) and next-nearest-neighbor ({\$}{\$}J{\_}2{\$}{\$}) interactions is exactly unsolvable. The square-lattice {\$}{\$}J{\_}1-J{\_}2{\$}{\$}Ising model is frustrated for {\$}{\$}J{\_}2<0{\$}{\$}. For {\$}{\$}R=J{\_}2/J{\_}1={$\backslash$}pm 1/2{\$}{\$}, the square-lattice {\$}{\$}J{\_}1-J{\_}2{\$}{\$}Ising model for {\$}{\$}J{\_}2<0{\$}{\$}is the most frustrated, and its ground states are infinitely degenerate. The exact integer values for the density of states of the {\$}{\$}J{\_}1-J{\_}2{\$}{\$}Ising model for {\$}{\$}R={$\backslash$}pm 1/2{\$}{\$}are evaluated on {\$}{\$}L{$\backslash$}times 2L{\$}{\$}square lattices with free boundary conditions in the L-direction and periodic boundary conditions in the 2L-direction up to {\$}{\$}L=12{\$}{\$}using an exact enumeration method. The total number of states is {\$}{\$}2\^{}{\{}288{\}}{$\backslash$}approx 5{$\backslash$}times 10\^{}{\{}86{\}}{\$}{\$}for {\$}{\$}L=12{\$}{\$}, and counting all {\$}{\$}2\^{}{\{}288{\}}{\$}{\$}states requires enormous computational work. The thermal scaling exponent {\$}{\$}y{\_}t=1(=1/{$\backslash$}nu ){\$}{\$}(where {\$}{\$}{$\backslash$}nu {\$}{\$}is the correlation-length critical exponent) of the square-lattice {\$}{\$}J{\_}1-J{\_}2{\$}{\$}Ising model is obtained for {\$}{\$}J{\_}2>0{\$}{\$}and {\$}{\$}R={$\backslash$}pm 1/2{\$}{\$}, in agreement with the Ising universality class. The shift exponent {\$}{\$}{$\backslash$}lambda =1.00{\$}{\$}is obtained for {\$}{\$}J{\_}2>0{\$}{\$}and {\$}{\$}R={$\backslash$}pm 1/2{\$}{\$}, equaling the thermal scaling exponent {\$}{\$}y{\_}t{\$}{\$}. On the other hand, the thermal scaling exponent {\$}{\$}y{\_}t=2.0{\$}{\$}of the square-lattice {\$}{\$}J{\_}1-J{\_}2{\$}{\$}Ising model is obtained for {\$}{\$}J{\_}2<0{\$}{\$}and {\$}{\$}R={$\backslash$}pm 1/2{\$}{\$}, suggesting a first-order phase transition. The shift exponent {\$}{\$}{$\backslash$}lambda =1.1{\$}{\$}is obtained for {\$}{\$}J{\_}2<0{\$}{\$}and {\$}{\$}R={$\backslash$}pm 1/2{\$}{\$}and is different from the thermal scaling exponent {\$}{\$}y{\_}t{\$}{\$}.},
	author = {Kim, Seung-Yeon},
	date = {2021/11/01},
	date-added = {2024-05-15 08:29:53 +0200},
	date-modified = {2024-08-03 14:42:06 +0200},
	doi = {https://doi.org/10.1007/s40042-021-00296-8},
	id = {Kim2021},
	isbn = {1976-8524},
	journal = {Journal of the Korean Physical Society},
	keywords = {J1-J2-Isingmodel},
	number = {10},
	pages = {894--902},
	title = {Study of the frustrated Ising model on a square lattice based on the exact density of states},
	url = {https://doi.org/10.1007/s40042-021-00296-8},
	volume = {79},
	year = {2021},
	bdsk-file-1 = {YnBsaXN0MDDSAQIDBFxyZWxhdGl2ZVBhdGhYYm9va21hcmtfEBVMaXRlcmF0dXIvS2ltMjAyMS5wZGZPEQQEYm9vawQEAAAAAAQQMAAAAAAAAAAAAAAAAAAAAAAAAAAAAAAAAAAAAAAAAAAAAAAAAAMAAAUAAAABAQAAVXNlcnMAAAAGAAAAAQEAAGthc3BhcgAACQAAAAEBAABEb2N1bWVudHMAAAAOAAAAAQEAAEJhY2hlbG9ydGhlc2lzAAAJAAAAAQEAAExpdGVyYXR1cgAAAAsAAAABAQAAS2ltMjAyMS5wZGYAGAAAAAEGAAAEAAAAFAAAACQAAAA4AAAAUAAAAGQAAAAIAAAABAMAAHtCAAAAAAAACAAAAAQDAABLbwAAAAAAAAgAAAAEAwAAfG8AAAAAAAAIAAAABAMAAC8VAQAAAAAACAAAAAQDAABlFQEAAAAAAAgAAAAEAwAAahUBAAAAAAAYAAAAAQYAAJgAAACoAAAAuAAAAMgAAADYAAAA6AAAAAgAAAAABAAAQcX6RqxziswYAAAAAQIAAAEAAAAAAAAADwAAAAAAAAAAAAAAAAAAAAgAAAAEAwAABAAAAAAAAAAEAAAAAwMAAPUBAAAIAAAAAQkAAGZpbGU6Ly8vDAAAAAEBAABNYWNpbnRvc2ggSEQIAAAABAMAAACgIGh0AAAACAAAAAAEAABBxi/IBoAAACQAAAABAQAANDE4RDE0QTAtMDZGMC00QkZBLTlFN0EtQkMzMUU3NzE5MDZDGAAAAAECAACBAAAAAQAAAO8TAAABAAAAAAAAAAAAAAABAAAAAQEAAC8AAAAAAAAAAQUAAO4AAAABAgAANjc2OWQ2NTljODZlZGNkYmFlMWE1MDA1Nzg4Yjk2Mjc1MTlkZDZlNjBjZGQ5MzI0MmIxZjBkZWRmMzJkODEzODswMDswMDAwMDAwMDswMDAwMDAwMDswMDAwMDAwMDswMDAwMDAwMDAwMDAwMDIwO2NvbS5hcHBsZS5hcHAtc2FuZGJveC5yZWFkLXdyaXRlOzAxOzAxMDAwMDA1OzAwMDAwMDAwMDAwMTE1NmE7NTY7L3VzZXJzL2thc3Bhci9kb2N1bWVudHMvYmFjaGVsb3J0aGVzaXMvbGl0ZXJhdHVyL2tpbTIwMjEucGRmAAAAzAAAAP7///8BAAAAAAAAABAAAAAEEAAAeAAAAAAAAAAFEAAA+AAAAAAAAAAQEAAAKAEAAAAAAABAEAAAGAEAAAAAAAACIAAA9AEAAAAAAAAFIAAAZAEAAAAAAAAQIAAAdAEAAAAAAAARIAAAqAEAAAAAAAASIAAAiAEAAAAAAAATIAAAmAEAAAAAAAAgIAAA1AEAAAAAAAAwIAAAAAIAAAAAAAABwAAASAEAAAAAAAARwAAAFAAAAAAAAAASwAAAWAEAAAAAAACA8AAACAIAAAAAAAAACAANABoAIwA7AAAAAAAAAgEAAAAAAAAABQAAAAAAAAAAAAAAAAAABEM=}}

@article{DeBell2020,
	author = {Keith De'Bell},
	date-added = {2024-05-11 12:29:08 +0200},
	date-modified = {2024-08-03 14:41:13 +0200},
	doi = {https://doi.org/10.1139/cjp-2019-0306},
	journal = {Canadian Journal of Physics},
	keywords = {J1-J2-Isingmodel},
	title = {On the separation of time scales close to a glass transition: results from quench studies of the next-nearest-neighbour Ising model},
	year = {2020},
	bdsk-file-1 = {YnBsaXN0MDDSAQIDBFxyZWxhdGl2ZVBhdGhYYm9va21hcmtfEBhMaXRlcmF0dXIvRGVCZWxsMjAyMC5wZGZPEQQMYm9vawwEAAAAAAQQMAAAAAAAAAAAAAAAAAAAAAAAAAAAAAAAAAAAAAAAAAAAAAAACAMAAAUAAAABAQAAVXNlcnMAAAAGAAAAAQEAAGthc3BhcgAACQAAAAEBAABEb2N1bWVudHMAAAAOAAAAAQEAAEJhY2hlbG9ydGhlc2lzAAAJAAAAAQEAAExpdGVyYXR1cgAAAA4AAAABAQAARGVCZWxsMjAyMC5wZGYAABgAAAABBgAABAAAABQAAAAkAAAAOAAAAFAAAABkAAAACAAAAAQDAAB7QgAAAAAAAAgAAAAEAwAAS28AAAAAAAAIAAAABAMAAHxvAAAAAAAACAAAAAQDAAAvFQEAAAAAAAgAAAAEAwAAZRUBAAAAAAAIAAAABAMAAHMVAQAAAAAAGAAAAAEGAACcAAAArAAAALwAAADMAAAA3AAAAOwAAAAIAAAAAAQAAEHF975DcDWkGAAAAAECAAABAAAAAAAAAA8AAAAAAAAAAAAAAAAAAAAIAAAABAMAAAQAAAAAAAAABAAAAAMDAAD1AQAACAAAAAEJAABmaWxlOi8vLwwAAAABAQAATWFjaW50b3NoIEhECAAAAAQDAAAAoCBodAAAAAgAAAAABAAAQcYvyAaAAAAkAAAAAQEAADQxOEQxNEEwLTA2RjAtNEJGQS05RTdBLUJDMzFFNzcxOTA2QxgAAAABAgAAgQAAAAEAAADvEwAAAQAAAAAAAAAAAAAAAQAAAAEBAAAvAAAAAAAAAAEFAADxAAAAAQIAAGRjYTYyOTk3ZjhkNDMwZGI0ZDA1ODZlYWQwN2NhYWI5MzkyODMwMzk3MmU2OGM5MmVhNWYzNTBmNDRkZWRjZDg7MDA7MDAwMDAwMDA7MDAwMDAwMDA7MDAwMDAwMDA7MDAwMDAwMDAwMDAwMDAyMDtjb20uYXBwbGUuYXBwLXNhbmRib3gucmVhZC13cml0ZTswMTswMTAwMDAwNTswMDAwMDAwMDAwMDExNTczOzU2Oy91c2Vycy9rYXNwYXIvZG9jdW1lbnRzL2JhY2hlbG9ydGhlc2lzL2xpdGVyYXR1ci9kZWJlbGwyMDIwLnBkZgAAAADMAAAA/v///wEAAAAAAAAAEAAAAAQQAAB8AAAAAAAAAAUQAAD8AAAAAAAAABAQAAAsAQAAAAAAAEAQAAAcAQAAAAAAAAIgAAD4AQAAAAAAAAUgAABoAQAAAAAAABAgAAB4AQAAAAAAABEgAACsAQAAAAAAABIgAACMAQAAAAAAABMgAACcAQAAAAAAACAgAADYAQAAAAAAADAgAAAEAgAAAAAAAAHAAABMAQAAAAAAABHAAAAUAAAAAAAAABLAAABcAQAAAAAAAIDwAAAMAgAAAAAAAAAIAA0AGgAjAD4AAAAAAAACAQAAAAAAAAAFAAAAAAAAAAAAAAAAAAAETg==}}

@article{Ramazanov2016,
	abstract = {The thermodynamic and critical properties, and phase transitions of two-dimensional Ising model on a square lattice with competing interactions are investigated by the Monte Carlo method. Estimations are made for the magnitude relations of the next-nearest-neighbor and nearest-neighbor exchange interactions r=J2/J1 in the value ranges of 0.1≤r≤1.0. The anomalies of thermodynamic observables are shown to be present in this model on the interval 0.45≤r≤0.5. The phase diagram for the dependence of the critical temperature on a value of next-nearest neighbor interaction is plotted. A phase transition for all values in the interval 0.45≤r≤0.5 is shown to be a second order. Our data show that the temperature of the heat capacity maximum at r=0.5 tends to a finite value. The static critical exponents of the heat capacity α, susceptibility γ, order parameter β, correlation length ν, and the Fisher exponent η are calculated by means of the finite-size scaling theory. It is found that the change in next-nearest neighbor interaction value in the range 0.7≤r≤1.0 leads to nonuniversal critical behavior.},
	author = {M.K. Ramazanov and A.K. Murtazaev and M.A. Magomedov},
	date-added = {2024-03-13 14:23:40 +0100},
	date-modified = {2024-08-06 13:02:01 +0200},
	doi = {https://doi.org/10.1016/j.ssc.2016.02.012},
	issn = {0038-1098},
	journal = {Solid State Communications},
	keywords = {J1-J2-Isingmodel},
	pages = {35-40},
	read = {1},
	title = {Thermodynamic, critical properties and phase transitions of the Ising model on a square lattice with competing interactions},
	url = {https://www.sciencedirect.com/science/article/pii/S0038109816000624},
	volume = {233},
	year = {2016},
	bdsk-file-1 = {YnBsaXN0MDDSAQIDBFxyZWxhdGl2ZVBhdGhYYm9va21hcmtfEBtMaXRlcmF0dXIvUmFtYXphbm92MjAxNi5wZGZPEQQQYm9vaxAEAAAAAAQQMAAAAAAAAAAAAAAAAAAAAAAAAAAAAAAAAAAAAAAAAAAAAAAADAMAAAUAAAABAQAAVXNlcnMAAAAGAAAAAQEAAGthc3BhcgAACQAAAAEBAABEb2N1bWVudHMAAAAOAAAAAQEAAEJhY2hlbG9ydGhlc2lzAAAJAAAAAQEAAExpdGVyYXR1cgAAABEAAAABAQAAUmFtYXphbm92MjAxNi5wZGYAAAAYAAAAAQYAAAQAAAAUAAAAJAAAADgAAABQAAAAZAAAAAgAAAAEAwAAe0IAAAAAAAAIAAAABAMAAEtvAAAAAAAACAAAAAQDAAB8bwAAAAAAAAgAAAAEAwAALxUBAAAAAAAIAAAABAMAAGUVAQAAAAAACAAAAAQDAAB2FQEAAAAAABgAAAABBgAAoAAAALAAAADAAAAA0AAAAOAAAADwAAAACAAAAAAEAABBxdDvqtqbxBgAAAABAgAAAQAAAAAAAAAPAAAAAAAAAAAAAAAAAAAACAAAAAQDAAAEAAAAAAAAAAQAAAADAwAA9QEAAAgAAAABCQAAZmlsZTovLy8MAAAAAQEAAE1hY2ludG9zaCBIRAgAAAAEAwAAAKAgaHQAAAAIAAAAAAQAAEHGL8gGgAAAJAAAAAEBAAA0MThEMTRBMC0wNkYwLTRCRkEtOUU3QS1CQzMxRTc3MTkwNkMYAAAAAQIAAIEAAAABAAAA7xMAAAEAAAAAAAAAAAAAAAEAAAABAQAALwAAAAAAAAABBQAA9AAAAAECAAAxZTBhMDdiYzFlNDgxNDQ4MmNkZDk2ODc4MWI3MmJjNzYxZDMyYWFmMGZlZWE5YzQyYjNjNGM3MGY3OGM2MTQwOzAwOzAwMDAwMDAwOzAwMDAwMDAwOzAwMDAwMDAwOzAwMDAwMDAwMDAwMDAwMjA7Y29tLmFwcGxlLmFwcC1zYW5kYm94LnJlYWQtd3JpdGU7MDE7MDEwMDAwMDU7MDAwMDAwMDAwMDAxMTU3Njs1NjsvdXNlcnMva2FzcGFyL2RvY3VtZW50cy9iYWNoZWxvcnRoZXNpcy9saXRlcmF0dXIvcmFtYXphbm92MjAxNi5wZGYAzAAAAP7///8BAAAAAAAAABAAAAAEEAAAgAAAAAAAAAAFEAAAAAEAAAAAAAAQEAAAMAEAAAAAAABAEAAAIAEAAAAAAAACIAAA/AEAAAAAAAAFIAAAbAEAAAAAAAAQIAAAfAEAAAAAAAARIAAAsAEAAAAAAAASIAAAkAEAAAAAAAATIAAAoAEAAAAAAAAgIAAA3AEAAAAAAAAwIAAACAIAAAAAAAABwAAAUAEAAAAAAAARwAAAFAAAAAAAAAASwAAAYAEAAAAAAACA8AAAEAIAAAAAAAAACAANABoAIwBBAAAAAAAAAgEAAAAAAAAABQAAAAAAAAAAAAAAAAAABFU=},
	bdsk-url-1 = {https://doi.org/10.1016/j.ssc.2016.02.012}}

@article{Zandvliet2010,
	abstract = {We deal with a 2D half occupied square lattice with repulsive interactions between first and second neighboring particles. Despite the intensive studies of the present model the central point of the phase diagram for which the ratio of the two interaction strengths <svg style="vertical-align:-2.92273pt" id="M2" height="13.4" version="1.1" viewBox="0 0 108.1 13.4" width="108.1" xmlns="http://www.w3.org/2000/svg"><g transform="matrix(1.25,0,0,-1.25,0,13.4)"><g transform="translate(72,-61.28)"><text transform="matrix(1,0,0,-1,-71.95,64.24)"><tspan style="font-size: 11.21px; " x="0" y="0">𝑅</tspan><tspan style="font-size: 11.21px; " x="11.398536" y="0">=</tspan><tspan style="font-size: 11.21px; " x="22.191839" y="0">𝐽</tspan></text><text transform="matrix(1,0,0,-1,-43.7,61.44)"><tspan style="font-size: 7.85px; " x="0" y="0">S</tspan><tspan style="font-size: 7.85px; " x="4.3623762" y="0">N</tspan></text><text transform="matrix(1,0,0,-1,-33.18,64.24)"><tspan style="font-size: 11.21px; " x="0" y="0">/</tspan><tspan style="font-size: 11.21px; " x="3.115824" y="0">𝐽</tspan></text><text transform="matrix(1,0,0,-1,-24.01,61.44)"><tspan style="font-size: 7.85px; " x="0" y="0">F</tspan><tspan style="font-size: 7.85px; " x="4.3623762" y="0">N</tspan></text><text transform="matrix(1,0,0,-1,-10.37,64.24)"><tspan style="font-size: 11.21px; " x="0" y="0">=</tspan><tspan style="font-size: 11.21px; " x="10.782096" y="0">0</tspan><tspan style="font-size: 11.21px; " x="16.386095" y="0">.</tspan><tspan style="font-size: 11.21px; " x="19.188095" y="0">5</tspan></text></g></g></svg> is still open. In the present paper we show, using standard Monte Carlo calculations, that the situation corresponds to a phase of mixed ordered structures quantified by an \&{\#}x201c;algebraic\&{\#}x201d; order parameter defined as the sum of densities of the existing ordered clusters. The introduced grandeur also characterizes the transitions towards the known pure ordered phases for the other values of <svg style="vertical-align:-0.0pt" id="M3" height="9.2749996" version="1.1" viewBox="0 0 10.4875 9.2749996" width="10.4875" xmlns="http://www.w3.org/2000/svg"><g transform="matrix(1.25,0,0,-1.25,0,9.275)"><g transform="translate(72,-64.58)"><text transform="matrix(1,0,0,-1,-71.95,64.63)"><tspan style="font-size: 11.21px; " x="0" y="0">𝑅</tspan></text></g></g></svg> as mentioned by the agreement of our results with those of the literature. The computation of the Cowley short range order parameter against <svg style="vertical-align:-0.0pt" id="M4" height="9.2749996" version="1.1" viewBox="0 0 10.4875 9.2749996" width="10.4875" xmlns="http://www.w3.org/2000/svg"><g transform="matrix(1.25,0,0,-1.25,0,9.275)"><g transform="translate(72,-64.58)"><text transform="matrix(1,0,0,-1,-71.95,64.63)"><tspan style="font-size: 11.21px; " x="0" y="0">𝑅</tspan></text></g></g></svg> suggests that the central point is bicritical and is a state to cross when passing between the two pure phases.},
	author = {Zandvliet, Harold and Boughaleb, Yahia and Nouredine, Mohammed and Snina, Mohamed and Nassif, Rachid and Bennai, Mohamed},
	date = {2010/12/12},
	date-added = {2024-03-13 14:17:05 +0100},
	date-modified = {2024-08-03 14:35:59 +0200},
	doi = {10.1155/2010/284231},
	isbn = {2090-2220},
	journal = {Physics Research International},
	keywords = {J1-J2-Isingmodel},
	pages = {284231},
	publisher = {Hindawi Publishing Corporation},
	read = {0},
	title = {Bicritical Central Point of Ising Model Phase Diagram},
	url = {https://doi.org/10.1155/2010/284231},
	volume = {2010},
	year = {2010},
	bdsk-file-1 = {YnBsaXN0MDDSAQIDBFxyZWxhdGl2ZVBhdGhYYm9va21hcmtfEBtMaXRlcmF0dXIvWmFuZHZsaWV0MjAxMC5wZGZPEQQQYm9vaxAEAAAAAAQQMAAAAAAAAAAAAAAAAAAAAAAAAAAAAAAAAAAAAAAAAAAAAAAADAMAAAUAAAABAQAAVXNlcnMAAAAGAAAAAQEAAGthc3BhcgAACQAAAAEBAABEb2N1bWVudHMAAAAOAAAAAQEAAEJhY2hlbG9ydGhlc2lzAAAJAAAAAQEAAExpdGVyYXR1cgAAABEAAAABAQAAWmFuZHZsaWV0MjAxMC5wZGYAAAAYAAAAAQYAAAQAAAAUAAAAJAAAADgAAABQAAAAZAAAAAgAAAAEAwAAe0IAAAAAAAAIAAAABAMAAEtvAAAAAAAACAAAAAQDAAB8bwAAAAAAAAgAAAAEAwAALxUBAAAAAAAIAAAABAMAAGUVAQAAAAAACAAAAAQDAAB8FQEAAAAAABgAAAABBgAAoAAAALAAAADAAAAA0AAAAOAAAADwAAAACAAAAAAEAABBxdDvXacSmBgAAAABAgAAAQAAAAAAAAAPAAAAAAAAAAAAAAAAAAAACAAAAAQDAAAEAAAAAAAAAAQAAAADAwAA9QEAAAgAAAABCQAAZmlsZTovLy8MAAAAAQEAAE1hY2ludG9zaCBIRAgAAAAEAwAAAKAgaHQAAAAIAAAAAAQAAEHGL8gGgAAAJAAAAAEBAAA0MThEMTRBMC0wNkYwLTRCRkEtOUU3QS1CQzMxRTc3MTkwNkMYAAAAAQIAAIEAAAABAAAA7xMAAAEAAAAAAAAAAAAAAAEAAAABAQAALwAAAAAAAAABBQAA9AAAAAECAAAxZmExYTBlMDk1YmNlZGNhMTBiNzBmNzUyNTFiNjNjZGE4MWM3YTM2YTEyNjJhYjg3NjY4ODk1OGNjMjY0ODA0OzAwOzAwMDAwMDAwOzAwMDAwMDAwOzAwMDAwMDAwOzAwMDAwMDAwMDAwMDAwMjA7Y29tLmFwcGxlLmFwcC1zYW5kYm94LnJlYWQtd3JpdGU7MDE7MDEwMDAwMDU7MDAwMDAwMDAwMDAxMTU3Yzs1NjsvdXNlcnMva2FzcGFyL2RvY3VtZW50cy9iYWNoZWxvcnRoZXNpcy9saXRlcmF0dXIvemFuZHZsaWV0MjAxMC5wZGYAzAAAAP7///8BAAAAAAAAABAAAAAEEAAAgAAAAAAAAAAFEAAAAAEAAAAAAAAQEAAAMAEAAAAAAABAEAAAIAEAAAAAAAACIAAA/AEAAAAAAAAFIAAAbAEAAAAAAAAQIAAAfAEAAAAAAAARIAAAsAEAAAAAAAASIAAAkAEAAAAAAAATIAAAoAEAAAAAAAAgIAAA3AEAAAAAAAAwIAAACAIAAAAAAAABwAAAUAEAAAAAAAARwAAAFAAAAAAAAAASwAAAYAEAAAAAAACA8AAAEAIAAAAAAAAACAANABoAIwBBAAAAAAAAAgEAAAAAAAAABQAAAAAAAAAAAAAAAAAABFU=}}

@article{Grynberg1992,
	author = {Grynberg, Marcelo D. and Tanatar, B.},
	date-added = {2024-03-13 14:12:41 +0100},
	date-modified = {2024-08-03 14:34:05 +0200},
	doi = {10.1103/PhysRevB.45.2876},
	issue = {6},
	journal = {Phys. Rev. B},
	month = {Feb},
	numpages = {0},
	pages = {2876--2882},
	publisher = {American Physical Society},
	read = {0},
	title = {Square Ising model with second-neighbor interactions and the Ising chain in a transverse field},
	url = {https://link.aps.org/doi/10.1103/PhysRevB.45.2876},
	volume = {45},
	year = {1992},
	bdsk-file-1 = {YnBsaXN0MDDSAQIDBFxyZWxhdGl2ZVBhdGhYYm9va21hcmtfEBpMaXRlcmF0dXIvR3J5bmJlcmcxOTkyLnBkZk8RBAxib29rDAQAAAAABBAwAAAAAAAAAAAAAAAAAAAAAAAAAAAAAAAAAAAAAAAAAAAAAAAIAwAABQAAAAEBAABVc2VycwAAAAYAAAABAQAAa2FzcGFyAAAJAAAAAQEAAERvY3VtZW50cwAAAA4AAAABAQAAQmFjaGVsb3J0aGVzaXMAAAkAAAABAQAATGl0ZXJhdHVyAAAAEAAAAAEBAABHcnluYmVyZzE5OTIucGRmGAAAAAEGAAAEAAAAFAAAACQAAAA4AAAAUAAAAGQAAAAIAAAABAMAAHtCAAAAAAAACAAAAAQDAABLbwAAAAAAAAgAAAAEAwAAfG8AAAAAAAAIAAAABAMAAC8VAQAAAAAACAAAAAQDAABlFQEAAAAAAAgAAAAEAwAAexUBAAAAAAAYAAAAAQYAAJwAAACsAAAAvAAAAMwAAADcAAAA7AAAAAgAAAAABAAAQcXQ7txitdMYAAAAAQIAAAEAAAAAAAAADwAAAAAAAAAAAAAAAAAAAAgAAAAEAwAABAAAAAAAAAAEAAAAAwMAAPUBAAAIAAAAAQkAAGZpbGU6Ly8vDAAAAAEBAABNYWNpbnRvc2ggSEQIAAAABAMAAACgIGh0AAAACAAAAAAEAABBxi/IBoAAACQAAAABAQAANDE4RDE0QTAtMDZGMC00QkZBLTlFN0EtQkMzMUU3NzE5MDZDGAAAAAECAACBAAAAAQAAAO8TAAABAAAAAAAAAAAAAAABAAAAAQEAAC8AAAAAAAAAAQUAAPMAAAABAgAAYTU2NjcwZWRhOWM1MmI5MjkwYWFjOWJkZTkyZTI4NGY4M2UzOTRkODg4MTY5MTNkNmRhODFmZmJiMjU0ZTZmZTswMDswMDAwMDAwMDswMDAwMDAwMDswMDAwMDAwMDswMDAwMDAwMDAwMDAwMDIwO2NvbS5hcHBsZS5hcHAtc2FuZGJveC5yZWFkLXdyaXRlOzAxOzAxMDAwMDA1OzAwMDAwMDAwMDAwMTE1N2I7NTY7L3VzZXJzL2thc3Bhci9kb2N1bWVudHMvYmFjaGVsb3J0aGVzaXMvbGl0ZXJhdHVyL2dyeW5iZXJnMTk5Mi5wZGYAAMwAAAD+////AQAAAAAAAAAQAAAABBAAAHwAAAAAAAAABRAAAPwAAAAAAAAAEBAAACwBAAAAAAAAQBAAABwBAAAAAAAAAiAAAPgBAAAAAAAABSAAAGgBAAAAAAAAECAAAHgBAAAAAAAAESAAAKwBAAAAAAAAEiAAAIwBAAAAAAAAEyAAAJwBAAAAAAAAICAAANgBAAAAAAAAMCAAAAQCAAAAAAAAAcAAAEwBAAAAAAAAEcAAABQAAAAAAAAAEsAAAFwBAAAAAAAAgPAAAAwCAAAAAAAAAAgADQAaACMAQAAAAAAAAAIBAAAAAAAAAAUAAAAAAAAAAAAAAAAAAARQ},
	bdsk-url-1 = {https://doi.org/10.1103/PhysRevB.45.2876}}

@article{Lopez1994,
	abstract = {The phase transitions occurring in the Ising square antiferromagnet with first- (J1) and second- (J2) nearest-neighbour interactions are studied using several mean-field approximations and for a wide range of R=J2/J1. The largest approximation used corresponds to a nine-point cluster approximation of the cluster variation method. In this case, the transition temperatures as a function of R are found to be in excellent agreement with those obtained by other methods. The mean-field approximations predict a first-order transition in the range 0.5{$<$}R{$<$}or approximately=1.2, where the critical exponents associated with the paramagnetic to superantiferromagnetic transition have been reported to vary continuously with R. In that range of R, the mean-field approximations also predict a crossover between two distinct instability temperatures, or spinodals, taking place immediately below the first-order transition. Mean-field results are also given for the magnetization m, the specific heat Cnu , the magnetic susceptibility X, the staggered susceptibility Xs, and the pair correlation function sigma ij between i and j sites.},
	author = {J L Moran-Lopez, and F Aguilera-Granja, and J M Sanchez,},
	date = {1994/11/07},
	date-added = {2024-03-13 14:06:45 +0100},
	date-modified = {2024-08-03 14:34:48 +0200},
	doi = {10.1088/0953-8984/6/45/025},
	isbn = {0953-8984},
	journal = {Journal of Physics: Condensed Matter},
	keywords = {J1-J2-Isingmodel},
	number = {45},
	pages = {9759},
	title = {Phase transitions in Ising square antiferromagnets with first- and second-neighbour interactions},
	url = {https://dx.doi.org/10.1088/0953-8984/6/45/025},
	volume = {6},
	year = {1994},
	bdsk-file-1 = {YnBsaXN0MDDSAQIDBFxyZWxhdGl2ZVBhdGhYYm9va21hcmtfEBdMaXRlcmF0dXIvTG9wZXoxOTk0LnBkZk8RBAhib29rCAQAAAAABBAwAAAAAAAAAAAAAAAAAAAAAAAAAAAAAAAAAAAAAAAAAAAAAAAEAwAABQAAAAEBAABVc2VycwAAAAYAAAABAQAAa2FzcGFyAAAJAAAAAQEAAERvY3VtZW50cwAAAA4AAAABAQAAQmFjaGVsb3J0aGVzaXMAAAkAAAABAQAATGl0ZXJhdHVyAAAADQAAAAEBAABMb3BlejE5OTQucGRmAAAAGAAAAAEGAAAEAAAAFAAAACQAAAA4AAAAUAAAAGQAAAAIAAAABAMAAHtCAAAAAAAACAAAAAQDAABLbwAAAAAAAAgAAAAEAwAAfG8AAAAAAAAIAAAABAMAAC8VAQAAAAAACAAAAAQDAABlFQEAAAAAAAgAAAAEAwAAjBUBAAAAAAAYAAAAAQYAAJwAAACsAAAAvAAAAMwAAADcAAAA7AAAAAgAAAAABAAAQcXQ7hKSIeoYAAAAAQIAAAEAAAAAAAAADwAAAAAAAAAAAAAAAAAAAAgAAAAEAwAABAAAAAAAAAAEAAAAAwMAAPUBAAAIAAAAAQkAAGZpbGU6Ly8vDAAAAAEBAABNYWNpbnRvc2ggSEQIAAAABAMAAACgIGh0AAAACAAAAAAEAABBxi/IBoAAACQAAAABAQAANDE4RDE0QTAtMDZGMC00QkZBLTlFN0EtQkMzMUU3NzE5MDZDGAAAAAECAACBAAAAAQAAAO8TAAABAAAAAAAAAAAAAAABAAAAAQEAAC8AAAAAAAAAAQUAAPAAAAABAgAAMzkxNWQ1OGJiYjU4YmZjYWU3YzAwNTI1NzM5ZTZmMTU1MjNjNDU5OWM1YzQwOTgxZmIwYzEyYWVjZDFlZTU3NDswMDswMDAwMDAwMDswMDAwMDAwMDswMDAwMDAwMDswMDAwMDAwMDAwMDAwMDIwO2NvbS5hcHBsZS5hcHAtc2FuZGJveC5yZWFkLXdyaXRlOzAxOzAxMDAwMDA1OzAwMDAwMDAwMDAwMTE1OGM7NTY7L3VzZXJzL2thc3Bhci9kb2N1bWVudHMvYmFjaGVsb3J0aGVzaXMvbGl0ZXJhdHVyL2xvcGV6MTk5NC5wZGYAzAAAAP7///8BAAAAAAAAABAAAAAEEAAAfAAAAAAAAAAFEAAA/AAAAAAAAAAQEAAALAEAAAAAAABAEAAAHAEAAAAAAAACIAAA+AEAAAAAAAAFIAAAaAEAAAAAAAAQIAAAeAEAAAAAAAARIAAArAEAAAAAAAASIAAAjAEAAAAAAAATIAAAnAEAAAAAAAAgIAAA2AEAAAAAAAAwIAAABAIAAAAAAAABwAAATAEAAAAAAAARwAAAFAAAAAAAAAASwAAAXAEAAAAAAACA8AAADAIAAAAAAAAACAANABoAIwA9AAAAAAAAAgEAAAAAAAAABQAAAAAAAAAAAAAAAAAABEk=}}

@article{Murtazaev2013,
	abstract = {The phase transitions in the two-dimensional Ising model on a square lattice are studied using a replica algorithm, the Monte Carlo method, and histogram analysis with allowance for the next-nearest-neighbor interactions in the range 0.1 ≤r < 1.0. A phase diagram is constructed for the dependence of the critical temperature on the next-nearest-neighbor interaction. A second-order phase transition is detected in this range and the model under study.},
	author = {Murtazaev, A. K. and Ramazanov, M. K. and Kassan-Ogly, F. A. and Badiev, M. K.},
	date = {2013/12/01},
	date-added = {2024-03-13 14:02:33 +0100},
	date-modified = {2024-08-03 14:39:47 +0200},
	doi = {10.1134/S1063776113140021},
	id = {Murtazaev2013},
	isbn = {1090-6509},
	journal = {Journal of Experimental and Theoretical Physics},
	keywords = {J1-J2-Isingmodel},
	number = {6},
	pages = {1091--1096},
	read = {1},
	title = {Phase transitions in the antiferromagnetic ising model on a square lattice with next-nearest-neighbor interactions},
	url = {https://doi.org/10.1134/S1063776113140021},
	volume = {117},
	year = {2013},
	bdsk-file-1 = {YnBsaXN0MDDSAQIDBFxyZWxhdGl2ZVBhdGhYYm9va21hcmtfEBtMaXRlcmF0dXIvTXVydGF6YWV2MjAxMy5wZGZPEQQQYm9vaxAEAAAAAAQQMAAAAAAAAAAAAAAAAAAAAAAAAAAAAAAAAAAAAAAAAAAAAAAADAMAAAUAAAABAQAAVXNlcnMAAAAGAAAAAQEAAGthc3BhcgAACQAAAAEBAABEb2N1bWVudHMAAAAOAAAAAQEAAEJhY2hlbG9ydGhlc2lzAAAJAAAAAQEAAExpdGVyYXR1cgAAABEAAAABAQAATXVydGF6YWV2MjAxMy5wZGYAAAAYAAAAAQYAAAQAAAAUAAAAJAAAADgAAABQAAAAZAAAAAgAAAAEAwAAe0IAAAAAAAAIAAAABAMAAEtvAAAAAAAACAAAAAQDAAB8bwAAAAAAAAgAAAAEAwAALxUBAAAAAAAIAAAABAMAAGUVAQAAAAAACAAAAAQDAAB1FQEAAAAAABgAAAABBgAAoAAAALAAAADAAAAA0AAAAOAAAADwAAAACAAAAAAEAABBxdDtjbhPERgAAAABAgAAAQAAAAAAAAAPAAAAAAAAAAAAAAAAAAAACAAAAAQDAAAEAAAAAAAAAAQAAAADAwAA9QEAAAgAAAABCQAAZmlsZTovLy8MAAAAAQEAAE1hY2ludG9zaCBIRAgAAAAEAwAAAKAgaHQAAAAIAAAAAAQAAEHGL8gGgAAAJAAAAAEBAAA0MThEMTRBMC0wNkYwLTRCRkEtOUU3QS1CQzMxRTc3MTkwNkMYAAAAAQIAAIEAAAABAAAA7xMAAAEAAAAAAAAAAAAAAAEAAAABAQAALwAAAAAAAAABBQAA9AAAAAECAABkNDE5NTU2MWQ0ZGU2OWFlMzQ4ZDVhNmVhMDFlYzkxNmM1ZjcxODM5MjVlNmVlYmI3ZDc4N2JlOGU4NThiYTcxOzAwOzAwMDAwMDAwOzAwMDAwMDAwOzAwMDAwMDAwOzAwMDAwMDAwMDAwMDAwMjA7Y29tLmFwcGxlLmFwcC1zYW5kYm94LnJlYWQtd3JpdGU7MDE7MDEwMDAwMDU7MDAwMDAwMDAwMDAxMTU3NTs1NjsvdXNlcnMva2FzcGFyL2RvY3VtZW50cy9iYWNoZWxvcnRoZXNpcy9saXRlcmF0dXIvbXVydGF6YWV2MjAxMy5wZGYAzAAAAP7///8BAAAAAAAAABAAAAAEEAAAgAAAAAAAAAAFEAAAAAEAAAAAAAAQEAAAMAEAAAAAAABAEAAAIAEAAAAAAAACIAAA/AEAAAAAAAAFIAAAbAEAAAAAAAAQIAAAfAEAAAAAAAARIAAAsAEAAAAAAAASIAAAkAEAAAAAAAATIAAAoAEAAAAAAAAgIAAA3AEAAAAAAAAwIAAACAIAAAAAAAABwAAAUAEAAAAAAAARwAAAFAAAAAAAAAASwAAAYAEAAAAAAACA8AAAEAIAAAAAAAAACAANABoAIwBBAAAAAAAAAgEAAAAAAAAABQAAAAAAAAAAAAAAAAAABFU=}}

@article{Kim2010,
	author = {Kim, Seung-Yeon},
	date-added = {2024-03-13 13:58:52 +0100},
	date-modified = {2024-09-12 13:10:14 +0200},
	doi = {10.1103/PhysRevE.81.031120},
	issue = {3},
	journal = {Phys. Rev. E},
	keywords = {J1-J2-Isingmodel},
	month = {Mar},
	numpages = {7},
	pages = {031120},
	publisher = {American Physical Society},
	read = {0},
	title = {Partition function zeros of the square-lattice Ising model with nearest- and next-nearest-neighbor interactions},
	url = {https://link.aps.org/doi/10.1103/PhysRevE.81.031120},
	volume = {81},
	year = {2010},
	bdsk-file-1 = {YnBsaXN0MDDSAQIDBFxyZWxhdGl2ZVBhdGhYYm9va21hcmtfEBVMaXRlcmF0dXIvS2ltMjAxMC5wZGZPEQQEYm9vawQEAAAAAAQQMAAAAAAAAAAAAAAAAAAAAAAAAAAAAAAAAAAAAAAAAAAAAAAAAAMAAAUAAAABAQAAVXNlcnMAAAAGAAAAAQEAAGthc3BhcgAACQAAAAEBAABEb2N1bWVudHMAAAAOAAAAAQEAAEJhY2hlbG9ydGhlc2lzAAAJAAAAAQEAAExpdGVyYXR1cgAAAAsAAAABAQAAS2ltMjAxMC5wZGYAGAAAAAEGAAAEAAAAFAAAACQAAAA4AAAAUAAAAGQAAAAIAAAABAMAAHtCAAAAAAAACAAAAAQDAABLbwAAAAAAAAgAAAAEAwAAfG8AAAAAAAAIAAAABAMAAC8VAQAAAAAACAAAAAQDAABlFQEAAAAAAAgAAAAEAwAAhBUBAAAAAAAYAAAAAQYAAJgAAACoAAAAuAAAAMgAAADYAAAA6AAAAAgAAAAABAAAQcXQ7T52rnAYAAAAAQIAAAEAAAAAAAAADwAAAAAAAAAAAAAAAAAAAAgAAAAEAwAABAAAAAAAAAAEAAAAAwMAAPUBAAAIAAAAAQkAAGZpbGU6Ly8vDAAAAAEBAABNYWNpbnRvc2ggSEQIAAAABAMAAACgIGh0AAAACAAAAAAEAABBxi/IBoAAACQAAAABAQAANDE4RDE0QTAtMDZGMC00QkZBLTlFN0EtQkMzMUU3NzE5MDZDGAAAAAECAACBAAAAAQAAAO8TAAABAAAAAAAAAAAAAAABAAAAAQEAAC8AAAAAAAAAAQUAAO4AAAABAgAAYTQxZGQyMDE0Njk4ZmYyZmI1Y2I2MDc2NTVjOTU5MzBmNTJkOTVmNzUxZDE4OWE1YTg1NTJlOWZlOGY1MTUyYzswMDswMDAwMDAwMDswMDAwMDAwMDswMDAwMDAwMDswMDAwMDAwMDAwMDAwMDIwO2NvbS5hcHBsZS5hcHAtc2FuZGJveC5yZWFkLXdyaXRlOzAxOzAxMDAwMDA1OzAwMDAwMDAwMDAwMTE1ODQ7NTY7L3VzZXJzL2thc3Bhci9kb2N1bWVudHMvYmFjaGVsb3J0aGVzaXMvbGl0ZXJhdHVyL2tpbTIwMTAucGRmAAAAzAAAAP7///8BAAAAAAAAABAAAAAEEAAAeAAAAAAAAAAFEAAA+AAAAAAAAAAQEAAAKAEAAAAAAABAEAAAGAEAAAAAAAACIAAA9AEAAAAAAAAFIAAAZAEAAAAAAAAQIAAAdAEAAAAAAAARIAAAqAEAAAAAAAASIAAAiAEAAAAAAAATIAAAmAEAAAAAAAAgIAAA1AEAAAAAAAAwIAAAAAIAAAAAAAABwAAASAEAAAAAAAARwAAAFAAAAAAAAAASwAAAWAEAAAAAAACA8AAACAIAAAAAAAAACAANABoAIwA7AAAAAAAAAgEAAAAAAAAABQAAAAAAAAAAAAAAAAAABEM=},
	bdsk-url-1 = {https://doi.org/10.1103/PhysRevE.81.031120}}

@article{Oitmaa1981,
	abstract = {The critical behaviour of the square-lattice Ising model, with nearest and next-nearest neighbour interactions of either sign, has been investigated by means of high-temperature series. lhe location of the critical lines in the coupling constant plane has been accurately determined. Along the critical line which corresponds to transitions to the layered or superantiferromagnetic state a breakdown of universality is observed and explicit numerical estimates obtained for the exponent of the ordering susceptibility.},
	author = {J Oitmaa},
	date-added = {2024-03-13 13:52:32 +0100},
	date-modified = {2024-08-03 14:33:25 +0200},
	doi = {10.1088/0305-4470/14/5/035},
	journal = {Journal of Physics A: Mathematical and General},
	keywords = {J1-J2-Isingmodel},
	month = {may},
	number = {5},
	pages = {1159},
	title = {The square-lattice Ising model with first and second neighbour interactions},
	url = {https://dx.doi.org/10.1088/0305-4470/14/5/035},
	volume = {14},
	year = {1981},
	bdsk-file-1 = {YnBsaXN0MDDSAQIDBFxyZWxhdGl2ZVBhdGhYYm9va21hcmtfEBhMaXRlcmF0dXIvT2l0bWFhMTk4MS5wZGZPEQQMYm9vawwEAAAAAAQQMAAAAAAAAAAAAAAAAAAAAAAAAAAAAAAAAAAAAAAAAAAAAAAACAMAAAUAAAABAQAAVXNlcnMAAAAGAAAAAQEAAGthc3BhcgAACQAAAAEBAABEb2N1bWVudHMAAAAOAAAAAQEAAEJhY2hlbG9ydGhlc2lzAAAJAAAAAQEAAExpdGVyYXR1cgAAAA4AAAABAQAAT2l0bWFhMTk4MS5wZGYAABgAAAABBgAABAAAABQAAAAkAAAAOAAAAFAAAABkAAAACAAAAAQDAAB7QgAAAAAAAAgAAAAEAwAAS28AAAAAAAAIAAAABAMAAHxvAAAAAAAACAAAAAQDAAAvFQEAAAAAAAgAAAAEAwAAZRUBAAAAAAAIAAAABAMAAGsVAQAAAAAAGAAAAAEGAACcAAAArAAAALwAAADMAAAA3AAAAOwAAAAIAAAAAAQAAEHF0OpM2nQxGAAAAAECAAABAAAAAAAAAA8AAAAAAAAAAAAAAAAAAAAIAAAABAMAAAQAAAAAAAAABAAAAAMDAAD1AQAACAAAAAEJAABmaWxlOi8vLwwAAAABAQAATWFjaW50b3NoIEhECAAAAAQDAAAAoCBodAAAAAgAAAAABAAAQcYvyAaAAAAkAAAAAQEAADQxOEQxNEEwLTA2RjAtNEJGQS05RTdBLUJDMzFFNzcxOTA2QxgAAAABAgAAgQAAAAEAAADvEwAAAQAAAAAAAAAAAAAAAQAAAAEBAAAvAAAAAAAAAAEFAADxAAAAAQIAAGFjOGJiZWEwOGIyNzNjNTViNmQ5MzEyNzFiZjdjMWYxZGI0M2FiODUxODlkYzJiZmNlMmIyYjg5ZGQwM2ZjYmE7MDA7MDAwMDAwMDA7MDAwMDAwMDA7MDAwMDAwMDA7MDAwMDAwMDAwMDAwMDAyMDtjb20uYXBwbGUuYXBwLXNhbmRib3gucmVhZC13cml0ZTswMTswMTAwMDAwNTswMDAwMDAwMDAwMDExNTZiOzU2Oy91c2Vycy9rYXNwYXIvZG9jdW1lbnRzL2JhY2hlbG9ydGhlc2lzL2xpdGVyYXR1ci9vaXRtYWExOTgxLnBkZgAAAADMAAAA/v///wEAAAAAAAAAEAAAAAQQAAB8AAAAAAAAAAUQAAD8AAAAAAAAABAQAAAsAQAAAAAAAEAQAAAcAQAAAAAAAAIgAAD4AQAAAAAAAAUgAABoAQAAAAAAABAgAAB4AQAAAAAAABEgAACsAQAAAAAAABIgAACMAQAAAAAAABMgAACcAQAAAAAAACAgAADYAQAAAAAAADAgAAAEAgAAAAAAAAHAAABMAQAAAAAAABHAAAAUAAAAAAAAABLAAABcAQAAAAAAAIDwAAAMAgAAAAAAAAAIAA0AGgAjAD4AAAAAAAACAQAAAAAAAAAFAAAAAAAAAAAAAAAAAAAETg==}}

@article{Landau1980,
	author = {Landau, D. P.},
	date-added = {2024-03-13 13:43:08 +0100},
	date-modified = {2024-08-03 14:32:42 +0200},
	doi = {10.1103/PhysRevB.21.1285},
	issue = {3},
	journal = {Phys. Rev. B},
	keywords = {J1-J2-Isingmodel},
	month = {Feb},
	numpages = {0},
	pages = {1285--1297},
	publisher = {American Physical Society},
	read = {1},
	title = {Phase transitions in the Ising square lattice with next-nearest-neighbor interactions},
	url = {https://link.aps.org/doi/10.1103/PhysRevB.21.1285},
	volume = {21},
	year = {1980},
	bdsk-file-1 = {YnBsaXN0MDDSAQIDBFxyZWxhdGl2ZVBhdGhYYm9va21hcmtfEBhMaXRlcmF0dXIvTGFuZGF1MTk4MC5wZGZPEQRIYm9va0gEAAAAAAQQMAAAAAAAAAAAAAAAAAAAAAAAAAAAAAAAAAAAAAAAAAAAAAAAOAMAAAUAAAABAQAAVXNlcnMAAAAGAAAAAQEAAGthc3BhcgAACQAAAAEBAABEb2N1bWVudHMAAAAOAAAAAQEAAEJhY2hlbG9ydGhlc2lzAAAJAAAAAQEAAExpdGVyYXR1cgAAAA4AAAABAQAATGFuZGF1MTk4MC5wZGYAABgAAAABBgAABAAAABQAAAAkAAAAOAAAAFAAAABkAAAACAAAAAQDAAB7QgAAAAAAAAgAAAAEAwAAS28AAAAAAAAIAAAABAMAAHxvAAAAAAAACAAAAAQDAAAvFQEAAAAAAAgAAAAEAwAAZRUBAAAAAAAIAAAABAMAAIcqLAAAAAAAGAAAAAEGAACcAAAArAAAALwAAADMAAAA3AAAAOwAAAAIAAAAAAQAAEHF0OthQ/5qGAAAAAECAAABAAAAAAAAAA8AAAAAAAAAAAAAAAAAAAAIAAAABAMAAAQAAAAAAAAABAAAAAMDAAD1AQAACAAAAAEJAABmaWxlOi8vLwwAAAABAQAATWFjaW50b3NoIEhECAAAAAQDAAAAoCBodAAAAAgAAAAABAAAQcYvyAaAAAAkAAAAAQEAADQxOEQxNEEwLTA2RjAtNEJGQS05RTdBLUJDMzFFNzcxOTA2QxgAAAABAgAAgQAAAAEAAADvEwAAAQAAAAAAAAAAAAAAAQAAAAEBAAAvAAAAAAAAAAEFAAAaAAAAAQEAAE5TVVJMRG9jdW1lbnRJZGVudGlmaWVyS2V5AAAEAAAAAwMAAEoAAADxAAAAAQIAAGY1ZjQ1ZTIwNzMxYzU5ZjQxOGM2ZWEyNWJiMWVhNWNkMTQ1ZTc2OTExNmFmOGI4ZjU1MTQ4NmZmN2M1MTUzOTQ7MDA7MDAwMDAwMDA7MDAwMDAwMDA7MDAwMDAwMDA7MDAwMDAwMDAwMDAwMDAyMDtjb20uYXBwbGUuYXBwLXNhbmRib3gucmVhZC13cml0ZTswMTswMTAwMDAwNTswMDAwMDAwMDAwMmMyYTg3OzU2Oy91c2Vycy9rYXNwYXIvZG9jdW1lbnRzL2JhY2hlbG9ydGhlc2lzL2xpdGVyYXR1ci9sYW5kYXUxOTgwLnBkZgAAAADYAAAA/v///wEAAAAAAAAAEQAAAAQQAAB8AAAAAAAAAAUQAAD8AAAAAAAAABAQAAAsAQAAAAAAAEAQAAAcAQAAAAAAAAIgAAD4AQAAAAAAAAUgAABoAQAAAAAAABAgAAB4AQAAAAAAABEgAACsAQAAAAAAABIgAACMAQAAAAAAABMgAACcAQAAAAAAACAgAADYAQAAAAAAADAgAAAEAgAAAAAAAAHAAABMAQAAAAAAABHAAAAUAAAAAAAAABLAAABcAQAAAAAAAIDwAAA8AgAAAAAAAAwCAIAwAgAAAAAAAAAIAA0AGgAjAD4AAAAAAAACAQAAAAAAAAAFAAAAAAAAAAAAAAAAAAAEig==},
	bdsk-url-1 = {https://doi.org/10.1103/PhysRevB.21.1285}}

@unpublished{Gessert2024,
	author = {Gessert, Denis},
	date-added = {2024-03-06 21:48:27 +0100},
	date-modified = {2024-08-03 15:05:52 +0200},
	keywords = {Basics},
	month = {Feb},
	read = {1},
	title = {The frustrated Ising model on a square lattice},
	year = {2024},
	bdsk-file-1 = {YnBsaXN0MDDSAQIDBFxyZWxhdGl2ZVBhdGhYYm9va21hcmtfEBpMaXRlcmF0dXIvSjFKMlNxdWFyZUlNLnBkZk8RBAxib29rDAQAAAAABBAwAAAAAAAAAAAAAAAAAAAAAAAAAAAAAAAAAAAAAAAAAAAAAAAIAwAABQAAAAEBAABVc2VycwAAAAYAAAABAQAAa2FzcGFyAAAJAAAAAQEAAERvY3VtZW50cwAAAA4AAAABAQAAQmFjaGVsb3J0aGVzaXMAAAkAAAABAQAATGl0ZXJhdHVyAAAAEAAAAAEBAABKMUoyU3F1YXJlSU0ucGRmGAAAAAEGAAAEAAAAFAAAACQAAAA4AAAAUAAAAGQAAAAIAAAABAMAAHtCAAAAAAAACAAAAAQDAABLbwAAAAAAAAgAAAAEAwAAfG8AAAAAAAAIAAAABAMAAC8VAQAAAAAACAAAAAQDAABlFQEAAAAAAAgAAAAEAwAAeRUBAAAAAAAYAAAAAQYAAJwAAACsAAAAvAAAAMwAAADcAAAA7AAAAAgAAAAABAAAQcW9NsbutFsYAAAAAQIAAAEAAAAAAAAADwAAAAAAAAAAAAAAAAAAAAgAAAAEAwAABAAAAAAAAAAEAAAAAwMAAPUBAAAIAAAAAQkAAGZpbGU6Ly8vDAAAAAEBAABNYWNpbnRvc2ggSEQIAAAABAMAAACgIGh0AAAACAAAAAAEAABBxi/IBoAAACQAAAABAQAANDE4RDE0QTAtMDZGMC00QkZBLTlFN0EtQkMzMUU3NzE5MDZDGAAAAAECAACBAAAAAQAAAO8TAAABAAAAAAAAAAAAAAABAAAAAQEAAC8AAAAAAAAAAQUAAPMAAAABAgAAN2E2OGExOGU4ZGJhMDlmZjM0NTExMjg2Y2M0ZjA2MjJjNzdlZDA3OWYwNDAxODY1ZjYzNjliYzFkYTJjMjk0MTswMDswMDAwMDAwMDswMDAwMDAwMDswMDAwMDAwMDswMDAwMDAwMDAwMDAwMDIwO2NvbS5hcHBsZS5hcHAtc2FuZGJveC5yZWFkLXdyaXRlOzAxOzAxMDAwMDA1OzAwMDAwMDAwMDAwMTE1Nzk7NTY7L3VzZXJzL2thc3Bhci9kb2N1bWVudHMvYmFjaGVsb3J0aGVzaXMvbGl0ZXJhdHVyL2oxajJzcXVhcmVpbS5wZGYAAMwAAAD+////AQAAAAAAAAAQAAAABBAAAHwAAAAAAAAABRAAAPwAAAAAAAAAEBAAACwBAAAAAAAAQBAAABwBAAAAAAAAAiAAAPgBAAAAAAAABSAAAGgBAAAAAAAAECAAAHgBAAAAAAAAESAAAKwBAAAAAAAAEiAAAIwBAAAAAAAAEyAAAJwBAAAAAAAAICAAANgBAAAAAAAAMCAAAAQCAAAAAAAAAcAAAEwBAAAAAAAAEcAAABQAAAAAAAAAEsAAAFwBAAAAAAAAgPAAAAwCAAAAAAAAAAgADQAaACMAQAAAAAAAAAIBAAAAAAAAAAUAAAAAAAAAAAAAAAAAAARQ}}

@book{Schwabl2000,
	annote = {Magnetismus 6.5 (S. 290-310)
Phasen{\"u}berg{\"a}nge 7.1, 7.2 (S.334- 350) },
	author = {Schwabl, Franz},
	date-added = {2024-03-06 21:31:50 +0100},
	date-modified = {2024-08-03 15:05:27 +0200},
	doi = {https://doi.org/10.1007/978-3-662-10043-1},
	edition = {3},
	isbn = {9783540671589},
	keywords = {Basics},
	publisher = {Springer Berlin, Heidelberg},
	read = {1},
	series = {Springer-Lehrbuch},
	title = {Statistische Mechanik},
	url = {https://link.springer.com/book/10.1007/978-3-662-10043-1#about-this-book},
	year = {2000},
	bdsk-file-1 = {YnBsaXN0MDDSAQIDBFxyZWxhdGl2ZVBhdGhYYm9va21hcmtfEBlMaXRlcmF0dXIvU2Nod2FibDIwMDAucGRmTxEEDGJvb2sMBAAAAAAEEDAAAAAAAAAAAAAAAAAAAAAAAAAAAAAAAAAAAAAAAAAAAAAAAAgDAAAFAAAAAQEAAFVzZXJzAAAABgAAAAEBAABrYXNwYXIAAAkAAAABAQAARG9jdW1lbnRzAAAADgAAAAEBAABCYWNoZWxvcnRoZXNpcwAACQAAAAEBAABMaXRlcmF0dXIAAAAPAAAAAQEAAFNjaHdhYmwyMDAwLnBkZgAYAAAAAQYAAAQAAAAUAAAAJAAAADgAAABQAAAAZAAAAAgAAAAEAwAAe0IAAAAAAAAIAAAABAMAAEtvAAAAAAAACAAAAAQDAAB8bwAAAAAAAAgAAAAEAwAALxUBAAAAAAAIAAAABAMAAGUVAQAAAAAACAAAAAQDAACPFQEAAAAAABgAAAABBgAAnAAAAKwAAAC8AAAAzAAAANwAAADsAAAACAAAAAAEAABBxcyD9/BjMBgAAAABAgAAAQAAAAAAAAAPAAAAAAAAAAAAAAAAAAAACAAAAAQDAAAEAAAAAAAAAAQAAAADAwAA9QEAAAgAAAABCQAAZmlsZTovLy8MAAAAAQEAAE1hY2ludG9zaCBIRAgAAAAEAwAAAKAgaHQAAAAIAAAAAAQAAEHGL8gGgAAAJAAAAAEBAAA0MThEMTRBMC0wNkYwLTRCRkEtOUU3QS1CQzMxRTc3MTkwNkMYAAAAAQIAAIEAAAABAAAA7xMAAAEAAAAAAAAAAAAAAAEAAAABAQAALwAAAAAAAAABBQAA8gAAAAECAAA2ZDliZmFmMDkzZTkxMDU5MTUzZjkyZWU1MDM2YTczNDBhMGM3N2M5NzYwNDY0NWUxOWFmNDljY2I1MGJhOWJiOzAwOzAwMDAwMDAwOzAwMDAwMDAwOzAwMDAwMDAwOzAwMDAwMDAwMDAwMDAwMjA7Y29tLmFwcGxlLmFwcC1zYW5kYm94LnJlYWQtd3JpdGU7MDE7MDEwMDAwMDU7MDAwMDAwMDAwMDAxMTU4Zjs1NjsvdXNlcnMva2FzcGFyL2RvY3VtZW50cy9iYWNoZWxvcnRoZXNpcy9saXRlcmF0dXIvc2Nod2FibDIwMDAucGRmAAAAzAAAAP7///8BAAAAAAAAABAAAAAEEAAAfAAAAAAAAAAFEAAA/AAAAAAAAAAQEAAALAEAAAAAAABAEAAAHAEAAAAAAAACIAAA+AEAAAAAAAAFIAAAaAEAAAAAAAAQIAAAeAEAAAAAAAARIAAArAEAAAAAAAASIAAAjAEAAAAAAAATIAAAnAEAAAAAAAAgIAAA2AEAAAAAAAAwIAAABAIAAAAAAAABwAAATAEAAAAAAAARwAAAFAAAAAAAAAASwAAAXAEAAAAAAACA8AAADAIAAAAAAAAACAANABoAIwA/AAAAAAAAAgEAAAAAAAAABQAAAAAAAAAAAAAAAAAABE8=},
	bdsk-url-1 = {https://doi.org/10.1007/978-3-662-10043-1}}

@article{Lee2024,
	author = {Lee, Jae Hwan and Kim, Seung-Yeon and Kim, Jin Min},
	date-added = {2024-03-06 21:14:45 +0100},
	date-modified = {2024-08-03 14:45:51 +0200},
	doi = {10.1103/PhysRevB.109.064422},
	issue = {6},
	journal = {Phys. Rev. B},
	keywords = {J1-J2-Isingmodel},
	month = {Feb},
	numpages = {6},
	pages = {064422},
	publisher = {American Physical Society},
	read = {1},
	title = {Frustrated Ising model with competing interactions on a square lattice},
	url = {https://link.aps.org/doi/10.1103/PhysRevB.109.064422},
	volume = {109},
	year = {2024},
	bdsk-file-1 = {YnBsaXN0MDDSAQIDBFxyZWxhdGl2ZVBhdGhYYm9va21hcmtfEBVMaXRlcmF0dXIvTGVlMjAyNC5wZGZPEQQEYm9vawQEAAAAAAQQMAAAAAAAAAAAAAAAAAAAAAAAAAAAAAAAAAAAAAAAAAAAAAAAAAMAAAUAAAABAQAAVXNlcnMAAAAGAAAAAQEAAGthc3BhcgAACQAAAAEBAABEb2N1bWVudHMAAAAOAAAAAQEAAEJhY2hlbG9ydGhlc2lzAAAJAAAAAQEAAExpdGVyYXR1cgAAAAsAAAABAQAATGVlMjAyNC5wZGYAGAAAAAEGAAAEAAAAFAAAACQAAAA4AAAAUAAAAGQAAAAIAAAABAMAAHtCAAAAAAAACAAAAAQDAABLbwAAAAAAAAgAAAAEAwAAfG8AAAAAAAAIAAAABAMAAC8VAQAAAAAACAAAAAQDAABlFQEAAAAAAAgAAAAEAwAAaBUBAAAAAAAYAAAAAQYAAJgAAACoAAAAuAAAAMgAAADYAAAA6AAAAAgAAAAABAAAQcXLj1YVPE4YAAAAAQIAAAEAAAAAAAAADwAAAAAAAAAAAAAAAAAAAAgAAAAEAwAABAAAAAAAAAAEAAAAAwMAAPUBAAAIAAAAAQkAAGZpbGU6Ly8vDAAAAAEBAABNYWNpbnRvc2ggSEQIAAAABAMAAACgIGh0AAAACAAAAAAEAABBxi/IBoAAACQAAAABAQAANDE4RDE0QTAtMDZGMC00QkZBLTlFN0EtQkMzMUU3NzE5MDZDGAAAAAECAACBAAAAAQAAAO8TAAABAAAAAAAAAAAAAAABAAAAAQEAAC8AAAAAAAAAAQUAAO4AAAABAgAAY2M2MDI4ZGU2MmMzNzIxZTc4Y2VmMTMwZDAwMTE4MjcyMTE0Y2FkZGUxN2U4ZDA3ZjhmZWY3ODllMDE5NzQ2NzswMDswMDAwMDAwMDswMDAwMDAwMDswMDAwMDAwMDswMDAwMDAwMDAwMDAwMDIwO2NvbS5hcHBsZS5hcHAtc2FuZGJveC5yZWFkLXdyaXRlOzAxOzAxMDAwMDA1OzAwMDAwMDAwMDAwMTE1Njg7NTY7L3VzZXJzL2thc3Bhci9kb2N1bWVudHMvYmFjaGVsb3J0aGVzaXMvbGl0ZXJhdHVyL2xlZTIwMjQucGRmAAAAzAAAAP7///8BAAAAAAAAABAAAAAEEAAAeAAAAAAAAAAFEAAA+AAAAAAAAAAQEAAAKAEAAAAAAABAEAAAGAEAAAAAAAACIAAA9AEAAAAAAAAFIAAAZAEAAAAAAAAQIAAAdAEAAAAAAAARIAAAqAEAAAAAAAASIAAAiAEAAAAAAAATIAAAmAEAAAAAAAAgIAAA1AEAAAAAAAAwIAAAAAIAAAAAAAABwAAASAEAAAAAAAARwAAAFAAAAAAAAAASwAAAWAEAAAAAAACA8AAACAIAAAAAAAAACAANABoAIwA7AAAAAAAAAgEAAAAAAAAABQAAAAAAAAAAAAAAAAAABEM=},
	bdsk-url-1 = {https://doi.org/10.1103/PhysRevB.109.064422}}

@article{Timmons2018,
	abstract = { The next-nearest-neighbour Ising model with competing nearest-neighbour (nn) and next-nearest-neighbour (nnn) interactions, provides an example of a system in which massless modes destroy order at any finite temperature. This occurs only at a critical ratio, Kc, of the nnn and nn interactions. In this paper we investigate the role of long relaxation times in determining the behaviour of the system when the ratio of the nnn and nn interactions, K, is at and close to this critical ratio. Despite the absence of an order--disorder transition in systems with K = Kc, in Monte Carlo simulations reported here the temperature-dependent behaviour of the relaxation times indicates the existence of a glass transition with a glass transition temperature of Tg ≈ 0.26 in a model with nn interaction J = kB = 1. },
	author = {Timmons, R. and De'Bell, K.},
	date-added = {2024-03-06 21:09:03 +0100},
	date-modified = {2024-08-03 14:41:04 +0200},
	doi = {10.1139/cjp-2017-0620},
	journal = {Canadian Journal of Physics},
	keywords = {J1-J2-Isingmodel},
	month = {Jan},
	number = {8},
	pages = {912-918},
	read = {1},
	title = {The role of long relaxation times in a simple model with massless modes},
	url = {https://doi.org/10.1139/cjp-2017-0620},
	volume = {96},
	year = {2018},
	bdsk-file-1 = {YnBsaXN0MDDSAQIDBFxyZWxhdGl2ZVBhdGhYYm9va21hcmtfEBlMaXRlcmF0dXIvVGltbW9uczIwMTgucGRmTxEESGJvb2tIBAAAAAAEEDAAAAAAAAAAAAAAAAAAAAAAAAAAAAAAAAAAAAAAAAAAAAAAADgDAAAFAAAAAQEAAFVzZXJzAAAABgAAAAEBAABrYXNwYXIAAAkAAAABAQAARG9jdW1lbnRzAAAADgAAAAEBAABCYWNoZWxvcnRoZXNpcwAACQAAAAEBAABMaXRlcmF0dXIAAAAPAAAAAQEAAFRpbW1vbnMyMDE4LnBkZgAYAAAAAQYAAAQAAAAUAAAAJAAAADgAAABQAAAAZAAAAAgAAAAEAwAAe0IAAAAAAAAIAAAABAMAAEtvAAAAAAAACAAAAAQDAAB8bwAAAAAAAAgAAAAEAwAALxUBAAAAAAAIAAAABAMAAGUVAQAAAAAACAAAAAQDAAC2QyoAAAAAABgAAAABBgAAnAAAAKwAAAC8AAAAzAAAANwAAADsAAAACAAAAAAEAABBxfe+Q2/ggxgAAAABAgAAAQAAAAAAAAAPAAAAAAAAAAAAAAAAAAAACAAAAAQDAAAEAAAAAAAAAAQAAAADAwAA9QEAAAgAAAABCQAAZmlsZTovLy8MAAAAAQEAAE1hY2ludG9zaCBIRAgAAAAEAwAAAKAgaHQAAAAIAAAAAAQAAEHGL8gGgAAAJAAAAAEBAAA0MThEMTRBMC0wNkYwLTRCRkEtOUU3QS1CQzMxRTc3MTkwNkMYAAAAAQIAAIEAAAABAAAA7xMAAAEAAAAAAAAAAAAAAAEAAAABAQAALwAAAAAAAAABBQAAGgAAAAEBAABOU1VSTERvY3VtZW50SWRlbnRpZmllcktleQAABAAAAAMDAAA0AAAA8gAAAAECAAAzYmY1MTU4OTVhMTJmNzMxMmFkNDYwYTJhY2JiNzUzOWVmNDhmMjBlYTgyNTdkOTNiZGZiYmRmYTVjOWNhNWEzOzAwOzAwMDAwMDAwOzAwMDAwMDAwOzAwMDAwMDAwOzAwMDAwMDAwMDAwMDAwMjA7Y29tLmFwcGxlLmFwcC1zYW5kYm94LnJlYWQtd3JpdGU7MDE7MDEwMDAwMDU7MDAwMDAwMDAwMDJhNDNiNjs1NjsvdXNlcnMva2FzcGFyL2RvY3VtZW50cy9iYWNoZWxvcnRoZXNpcy9saXRlcmF0dXIvdGltbW9uczIwMTgucGRmAAAA2AAAAP7///8BAAAAAAAAABEAAAAEEAAAfAAAAAAAAAAFEAAA/AAAAAAAAAAQEAAALAEAAAAAAABAEAAAHAEAAAAAAAACIAAA+AEAAAAAAAAFIAAAaAEAAAAAAAAQIAAAeAEAAAAAAAARIAAArAEAAAAAAAASIAAAjAEAAAAAAAATIAAAnAEAAAAAAAAgIAAA2AEAAAAAAAAwIAAABAIAAAAAAAABwAAATAEAAAAAAAARwAAAFAAAAAAAAAASwAAAXAEAAAAAAACA8AAAPAIAAAAAAAAMAgCAMAIAAAAAAAAACAANABoAIwA/AAAAAAAAAgEAAAAAAAAABQAAAAAAAAAAAAAAAAAABIs=}}

@article{Kalz2008,
	abstract = {We restudy the phase diagram of the 2D-Ising model with competing interactions J1 on nearest neighbour and J2 on next-nearest neighbour bonds via Monte-Carlo simulations. We present the finite temperature phase diagram and introduce computational methods which allow us to calculate transition temperatures close to the criticalpoint at J2 = J1/2. Further on we investigate the character of the different phase boundariesand find that the transition is weakly first order formoderate J2 > J1/2.},
	author = {Kalz, A. and Honecker, A. and Fuchs, S. and Pruschke, T.},
	date = {2008/10/02},
	date-added = {2024-03-06 21:02:56 +0100},
	date-modified = {2024-08-03 14:32:03 +0200},
	doi = {10.1140/epjb/e2008-00359-6},
	id = {Kalz2008},
	isbn = {1434-6036},
	journal = {The European Physical Journal B},
	keywords = {J1-J2-Isingmodel},
	month = {Oct},
	number = {4},
	pages = {533},
	read = {1},
	title = {Phase diagram of the Ising square lattice with competing interactions},
	url = {https://doi.org/10.1140/epjb/e2008-00359-6},
	volume = {65},
	year = {2008},
	bdsk-file-1 = {YnBsaXN0MDDSAQIDBFxyZWxhdGl2ZVBhdGhYYm9va21hcmtfEBZMaXRlcmF0dXIvS2FsejIwMDgucGRmTxEEBGJvb2sEBAAAAAAEEDAAAAAAAAAAAAAAAAAAAAAAAAAAAAAAAAAAAAAAAAAAAAAAAAADAAAFAAAAAQEAAFVzZXJzAAAABgAAAAEBAABrYXNwYXIAAAkAAAABAQAARG9jdW1lbnRzAAAADgAAAAEBAABCYWNoZWxvcnRoZXNpcwAACQAAAAEBAABMaXRlcmF0dXIAAAAMAAAAAQEAAEthbHoyMDA4LnBkZhgAAAABBgAABAAAABQAAAAkAAAAOAAAAFAAAABkAAAACAAAAAQDAAB7QgAAAAAAAAgAAAAEAwAAS28AAAAAAAAIAAAABAMAAHxvAAAAAAAACAAAAAQDAAAvFQEAAAAAAAgAAAAEAwAAZRUBAAAAAAAIAAAABAMAAI4VAQAAAAAAGAAAAAEGAACYAAAAqAAAALgAAADIAAAA2AAAAOgAAAAIAAAAAAQAAEHFvxXu35NaGAAAAAECAAABAAAAAAAAAA8AAAAAAAAAAAAAAAAAAAAIAAAABAMAAAQAAAAAAAAABAAAAAMDAAD1AQAACAAAAAEJAABmaWxlOi8vLwwAAAABAQAATWFjaW50b3NoIEhECAAAAAQDAAAAoCBodAAAAAgAAAAABAAAQcYvyAaAAAAkAAAAAQEAADQxOEQxNEEwLTA2RjAtNEJGQS05RTdBLUJDMzFFNzcxOTA2QxgAAAABAgAAgQAAAAEAAADvEwAAAQAAAAAAAAAAAAAAAQAAAAEBAAAvAAAAAAAAAAEFAADvAAAAAQIAADVlMTlkNjBlYzU3ODc4NWU2ZTgyNGY3ZDM2Yjk4M2NkMjRmMDU5YmE5YWU5NmZjZTIzMGMyNjBmYTUwNTZhNTI7MDA7MDAwMDAwMDA7MDAwMDAwMDA7MDAwMDAwMDA7MDAwMDAwMDAwMDAwMDAyMDtjb20uYXBwbGUuYXBwLXNhbmRib3gucmVhZC13cml0ZTswMTswMTAwMDAwNTswMDAwMDAwMDAwMDExNThlOzU2Oy91c2Vycy9rYXNwYXIvZG9jdW1lbnRzL2JhY2hlbG9ydGhlc2lzL2xpdGVyYXR1ci9rYWx6MjAwOC5wZGYAAMwAAAD+////AQAAAAAAAAAQAAAABBAAAHgAAAAAAAAABRAAAPgAAAAAAAAAEBAAACgBAAAAAAAAQBAAABgBAAAAAAAAAiAAAPQBAAAAAAAABSAAAGQBAAAAAAAAECAAAHQBAAAAAAAAESAAAKgBAAAAAAAAEiAAAIgBAAAAAAAAEyAAAJgBAAAAAAAAICAAANQBAAAAAAAAMCAAAAACAAAAAAAAAcAAAEgBAAAAAAAAEcAAABQAAAAAAAAAEsAAAFgBAAAAAAAAgPAAAAgCAAAAAAAAAAgADQAaACMAPAAAAAAAAAIBAAAAAAAAAAUAAAAAAAAAAAAAAAAAAARE}}

@article{Kadanoff1971,
	author = {Kadanoff, Leo P. and Wegner, Franz J.},
	date-added = {2024-03-06 20:53:22 +0100},
	date-modified = {2024-05-26 19:47:29 +0200},
	doi = {10.1103/PhysRevB.4.3989},
	issue = {11},
	journal = {Phys. Rev. B},
	month = {Dec},
	numpages = {0},
	pages = {3989--3993},
	publisher = {American Physical Society},
	read = {0},
	title = {Some Critical Properties of the Eight-Vertex Model},
	url = {https://link.aps.org/doi/10.1103/PhysRevB.4.3989},
	volume = {4},
	year = {1971},
	bdsk-file-1 = {YnBsaXN0MDDSAQIDBFxyZWxhdGl2ZVBhdGhYYm9va21hcmtfEBpMaXRlcmF0dXIvS2FkYW5vZmYxOTcxLnBkZk8RBAxib29rDAQAAAAABBAwAAAAAAAAAAAAAAAAAAAAAAAAAAAAAAAAAAAAAAAAAAAAAAAIAwAABQAAAAEBAABVc2VycwAAAAYAAAABAQAAa2FzcGFyAAAJAAAAAQEAAERvY3VtZW50cwAAAA4AAAABAQAAQmFjaGVsb3J0aGVzaXMAAAkAAAABAQAATGl0ZXJhdHVyAAAAEAAAAAEBAABLYWRhbm9mZjE5NzEucGRmGAAAAAEGAAAEAAAAFAAAACQAAAA4AAAAUAAAAGQAAAAIAAAABAMAAHtCAAAAAAAACAAAAAQDAABLbwAAAAAAAAgAAAAEAwAAfG8AAAAAAAAIAAAABAMAAC8VAQAAAAAACAAAAAQDAABlFQEAAAAAAAgAAAAEAwAAfhUBAAAAAAAYAAAAAQYAAJwAAACsAAAAvAAAAMwAAADcAAAA7AAAAAgAAAAABAAAQcW/Ferok68YAAAAAQIAAAEAAAAAAAAADwAAAAAAAAAAAAAAAAAAAAgAAAAEAwAABAAAAAAAAAAEAAAAAwMAAPUBAAAIAAAAAQkAAGZpbGU6Ly8vDAAAAAEBAABNYWNpbnRvc2ggSEQIAAAABAMAAACgIGh0AAAACAAAAAAEAABBxi/IBoAAACQAAAABAQAANDE4RDE0QTAtMDZGMC00QkZBLTlFN0EtQkMzMUU3NzE5MDZDGAAAAAECAACBAAAAAQAAAO8TAAABAAAAAAAAAAAAAAABAAAAAQEAAC8AAAAAAAAAAQUAAPMAAAABAgAAODU4YWNhODM3MmZmMzFlODg4YjY0YjQwOGU5YzBlOTAzYzczYjkzZDhhMWI4NDFjODg0ZTI4YTIxN2EwMDRlZDswMDswMDAwMDAwMDswMDAwMDAwMDswMDAwMDAwMDswMDAwMDAwMDAwMDAwMDIwO2NvbS5hcHBsZS5hcHAtc2FuZGJveC5yZWFkLXdyaXRlOzAxOzAxMDAwMDA1OzAwMDAwMDAwMDAwMTE1N2U7NTY7L3VzZXJzL2thc3Bhci9kb2N1bWVudHMvYmFjaGVsb3J0aGVzaXMvbGl0ZXJhdHVyL2thZGFub2ZmMTk3MS5wZGYAAMwAAAD+////AQAAAAAAAAAQAAAABBAAAHwAAAAAAAAABRAAAPwAAAAAAAAAEBAAACwBAAAAAAAAQBAAABwBAAAAAAAAAiAAAPgBAAAAAAAABSAAAGgBAAAAAAAAECAAAHgBAAAAAAAAESAAAKwBAAAAAAAAEiAAAIwBAAAAAAAAEyAAAJwBAAAAAAAAICAAANgBAAAAAAAAMCAAAAQCAAAAAAAAAcAAAEwBAAAAAAAAEcAAABQAAAAAAAAAEsAAAFwBAAAAAAAAgPAAAAwCAAAAAAAAAAgADQAaACMAQAAAAAAAAAIBAAAAAAAAAAUAAAAAAAAAAAAAAAAAAARQ},
	bdsk-url-1 = {https://doi.org/10.1103/PhysRevB.4.3989}}

@article{Fan1970,
	author = {Fan, Chungpeng and Wu, F. Y.},
	date-added = {2024-03-06 20:49:51 +0100},
	date-modified = {2024-03-07 16:42:45 +0100},
	doi = {10.1103/PhysRevB.2.723},
	issue = {3},
	journal = {Phys. Rev. B},
	month = {Aug},
	numpages = {0},
	pages = {723--733},
	publisher = {American Physical Society},
	read = {1},
	title = {General Lattice Model of Phase Transitions},
	url = {https://link.aps.org/doi/10.1103/PhysRevB.2.723},
	volume = {2},
	year = {1970},
	bdsk-file-1 = {YnBsaXN0MDDSAQIDBFxyZWxhdGl2ZVBhdGhYYm9va21hcmtfEBVMaXRlcmF0dXIvRmFuMTk3MC5wZGZPEQQEYm9vawQEAAAAAAQQMAAAAAAAAAAAAAAAAAAAAAAAAAAAAAAAAAAAAAAAAAAAAAAAAAMAAAUAAAABAQAAVXNlcnMAAAAGAAAAAQEAAGthc3BhcgAACQAAAAEBAABEb2N1bWVudHMAAAAOAAAAAQEAAEJhY2hlbG9ydGhlc2lzAAAJAAAAAQEAAExpdGVyYXR1cgAAAAsAAAABAQAARmFuMTk3MC5wZGYAGAAAAAEGAAAEAAAAFAAAACQAAAA4AAAAUAAAAGQAAAAIAAAABAMAAHtCAAAAAAAACAAAAAQDAABLbwAAAAAAAAgAAAAEAwAAfG8AAAAAAAAIAAAABAMAAC8VAQAAAAAACAAAAAQDAABlFQEAAAAAAAgAAAAEAwAAdxUBAAAAAAAYAAAAAQYAAJgAAACoAAAAuAAAAMgAAADYAAAA6AAAAAgAAAAABAAAQcW/FeDeRi0YAAAAAQIAAAEAAAAAAAAADwAAAAAAAAAAAAAAAAAAAAgAAAAEAwAABAAAAAAAAAAEAAAAAwMAAPUBAAAIAAAAAQkAAGZpbGU6Ly8vDAAAAAEBAABNYWNpbnRvc2ggSEQIAAAABAMAAACgIGh0AAAACAAAAAAEAABBxi/IBoAAACQAAAABAQAANDE4RDE0QTAtMDZGMC00QkZBLTlFN0EtQkMzMUU3NzE5MDZDGAAAAAECAACBAAAAAQAAAO8TAAABAAAAAAAAAAAAAAABAAAAAQEAAC8AAAAAAAAAAQUAAO4AAAABAgAAZjg0ODFhNmMyNjFkYmVhYzQ4NmU5NzEwZGJkZjA0YTk1OTdjNjQ1YjM1MTRlNmMyZDJiZDAxYjUyODQ1MzZjNTswMDswMDAwMDAwMDswMDAwMDAwMDswMDAwMDAwMDswMDAwMDAwMDAwMDAwMDIwO2NvbS5hcHBsZS5hcHAtc2FuZGJveC5yZWFkLXdyaXRlOzAxOzAxMDAwMDA1OzAwMDAwMDAwMDAwMTE1Nzc7NTY7L3VzZXJzL2thc3Bhci9kb2N1bWVudHMvYmFjaGVsb3J0aGVzaXMvbGl0ZXJhdHVyL2ZhbjE5NzAucGRmAAAAzAAAAP7///8BAAAAAAAAABAAAAAEEAAAeAAAAAAAAAAFEAAA+AAAAAAAAAAQEAAAKAEAAAAAAABAEAAAGAEAAAAAAAACIAAA9AEAAAAAAAAFIAAAZAEAAAAAAAAQIAAAdAEAAAAAAAARIAAAqAEAAAAAAAASIAAAiAEAAAAAAAATIAAAmAEAAAAAAAAgIAAA1AEAAAAAAAAwIAAAAAIAAAAAAAABwAAASAEAAAAAAAARwAAAFAAAAAAAAAASwAAAWAEAAAAAAACA8AAACAIAAAAAAAAACAANABoAIwA7AAAAAAAAAgEAAAAAAAAABQAAAAAAAAAAAAAAAAAABEM=},
	bdsk-url-1 = {https://doi.org/10.1103/PhysRevB.2.723}}

@article{Ashkin1943,
	author = {Ashkin, J. and Teller, E.},
	date-added = {2024-03-06 20:47:41 +0100},
	date-modified = {2024-03-07 16:42:40 +0100},
	doi = {10.1103/PhysRev.64.178},
	issue = {5-6},
	journal = {Phys. Rev.},
	month = {Sep},
	numpages = {0},
	pages = {178--184},
	publisher = {American Physical Society},
	read = {1},
	title = {Statistics of Two-Dimensional Lattices with Four Components},
	url = {https://link.aps.org/doi/10.1103/PhysRev.64.178},
	volume = {64},
	year = {1943},
	bdsk-file-1 = {YnBsaXN0MDDSAQIDBFxyZWxhdGl2ZVBhdGhYYm9va21hcmtfEBdMaXRlcmF0dXIvQXNraW4xOTQzLnBkZk8RBAhib29rCAQAAAAABBAwAAAAAAAAAAAAAAAAAAAAAAAAAAAAAAAAAAAAAAAAAAAAAAAEAwAABQAAAAEBAABVc2VycwAAAAYAAAABAQAAa2FzcGFyAAAJAAAAAQEAAERvY3VtZW50cwAAAA4AAAABAQAAQmFjaGVsb3J0aGVzaXMAAAkAAAABAQAATGl0ZXJhdHVyAAAADQAAAAEBAABBc2tpbjE5NDMucGRmAAAAGAAAAAEGAAAEAAAAFAAAACQAAAA4AAAAUAAAAGQAAAAIAAAABAMAAHtCAAAAAAAACAAAAAQDAABLbwAAAAAAAAgAAAAEAwAAfG8AAAAAAAAIAAAABAMAAC8VAQAAAAAACAAAAAQDAABlFQEAAAAAAAgAAAAEAwAAehUBAAAAAAAYAAAAAQYAAJwAAACsAAAAvAAAAMwAAADcAAAA7AAAAAgAAAAABAAAQcW/Fdgh98QYAAAAAQIAAAEAAAAAAAAADwAAAAAAAAAAAAAAAAAAAAgAAAAEAwAABAAAAAAAAAAEAAAAAwMAAPUBAAAIAAAAAQkAAGZpbGU6Ly8vDAAAAAEBAABNYWNpbnRvc2ggSEQIAAAABAMAAACgIGh0AAAACAAAAAAEAABBxi/IBoAAACQAAAABAQAANDE4RDE0QTAtMDZGMC00QkZBLTlFN0EtQkMzMUU3NzE5MDZDGAAAAAECAACBAAAAAQAAAO8TAAABAAAAAAAAAAAAAAABAAAAAQEAAC8AAAAAAAAAAQUAAPAAAAABAgAANDkzMjk1M2FmYzFkYWViZDQ5NzdmYWFhODU4ZWY3ODFhNjU2ODAxOTlkOWY0MWVkZTQ2NDVkOTEzMWYzMDhlMjswMDswMDAwMDAwMDswMDAwMDAwMDswMDAwMDAwMDswMDAwMDAwMDAwMDAwMDIwO2NvbS5hcHBsZS5hcHAtc2FuZGJveC5yZWFkLXdyaXRlOzAxOzAxMDAwMDA1OzAwMDAwMDAwMDAwMTE1N2E7NTY7L3VzZXJzL2thc3Bhci9kb2N1bWVudHMvYmFjaGVsb3J0aGVzaXMvbGl0ZXJhdHVyL2Fza2luMTk0My5wZGYAzAAAAP7///8BAAAAAAAAABAAAAAEEAAAfAAAAAAAAAAFEAAA/AAAAAAAAAAQEAAALAEAAAAAAABAEAAAHAEAAAAAAAACIAAA+AEAAAAAAAAFIAAAaAEAAAAAAAAQIAAAeAEAAAAAAAARIAAArAEAAAAAAAASIAAAjAEAAAAAAAATIAAAnAEAAAAAAAAgIAAA2AEAAAAAAAAwIAAABAIAAAAAAAABwAAATAEAAAAAAAARwAAAFAAAAAAAAAASwAAAXAEAAAAAAACA8AAADAIAAAAAAAAACAANABoAIwA9AAAAAAAAAgEAAAAAAAAABQAAAAAAAAAAAAAAAAAABEk=},
	bdsk-url-1 = {https://doi.org/10.1103/PhysRev.64.178}}

@article{Yoshiyama2023,
	author = {Yoshiyama, Kota and Hukushima, Koji},
	date-added = {2024-03-06 20:44:47 +0100},
	date-modified = {2024-08-03 14:45:33 +0200},
	doi = {10.1103/PhysRevE.108.054124},
	issue = {5},
	journal = {Phys. Rev. E},
	keywords = {J1-J2-Isingmodel},
	month = {Nov},
	numpages = {14},
	pages = {054124},
	publisher = {American Physical Society},
	title = {Higher-order tensor renormalization group study of the ${J}_{1}\text{\ensuremath{-}}{J}_{2}$ Ising model on a square lattice},
	url = {https://link.aps.org/doi/10.1103/PhysRevE.108.054124},
	volume = {108},
	year = {2023},
	bdsk-file-1 = {YnBsaXN0MDDSAQIDBFxyZWxhdGl2ZVBhdGhYYm9va21hcmtfEBtMaXRlcmF0dXIvWW9zaGl5YW1hMjAyMy5wZGZPEQQQYm9vaxAEAAAAAAQQMAAAAAAAAAAAAAAAAAAAAAAAAAAAAAAAAAAAAAAAAAAAAAAADAMAAAUAAAABAQAAVXNlcnMAAAAGAAAAAQEAAGthc3BhcgAACQAAAAEBAABEb2N1bWVudHMAAAAOAAAAAQEAAEJhY2hlbG9ydGhlc2lzAAAJAAAAAQEAAExpdGVyYXR1cgAAABEAAAABAQAAWW9zaGl5YW1hMjAyMy5wZGYAAAAYAAAAAQYAAAQAAAAUAAAAJAAAADgAAABQAAAAZAAAAAgAAAAEAwAAe0IAAAAAAAAIAAAABAMAAEtvAAAAAAAACAAAAAQDAAB8bwAAAAAAAAgAAAAEAwAALxUBAAAAAAAIAAAABAMAAGUVAQAAAAAACAAAAAQDAAB/FQEAAAAAABgAAAABBgAAoAAAALAAAADAAAAA0AAAAOAAAADwAAAACAAAAAAEAABBxb8V0Dh6CBgAAAABAgAAAQAAAAAAAAAPAAAAAAAAAAAAAAAAAAAACAAAAAQDAAAEAAAAAAAAAAQAAAADAwAA9QEAAAgAAAABCQAAZmlsZTovLy8MAAAAAQEAAE1hY2ludG9zaCBIRAgAAAAEAwAAAKAgaHQAAAAIAAAAAAQAAEHGL8gGgAAAJAAAAAEBAAA0MThEMTRBMC0wNkYwLTRCRkEtOUU3QS1CQzMxRTc3MTkwNkMYAAAAAQIAAIEAAAABAAAA7xMAAAEAAAAAAAAAAAAAAAEAAAABAQAALwAAAAAAAAABBQAA9AAAAAECAAAzYjc3MmM3OTk5ZjU5NzYzYWI2OTU2MjQzODM2NzEyMTM0NmU5NjVhYzNiNjc5MjdiOWU2ZDJmMDBkYjU5NDY2OzAwOzAwMDAwMDAwOzAwMDAwMDAwOzAwMDAwMDAwOzAwMDAwMDAwMDAwMDAwMjA7Y29tLmFwcGxlLmFwcC1zYW5kYm94LnJlYWQtd3JpdGU7MDE7MDEwMDAwMDU7MDAwMDAwMDAwMDAxMTU3Zjs1NjsvdXNlcnMva2FzcGFyL2RvY3VtZW50cy9iYWNoZWxvcnRoZXNpcy9saXRlcmF0dXIveW9zaGl5YW1hMjAyMy5wZGYAzAAAAP7///8BAAAAAAAAABAAAAAEEAAAgAAAAAAAAAAFEAAAAAEAAAAAAAAQEAAAMAEAAAAAAABAEAAAIAEAAAAAAAACIAAA/AEAAAAAAAAFIAAAbAEAAAAAAAAQIAAAfAEAAAAAAAARIAAAsAEAAAAAAAASIAAAkAEAAAAAAAATIAAAoAEAAAAAAAAgIAAA3AEAAAAAAAAwIAAACAIAAAAAAAABwAAAUAEAAAAAAAARwAAAFAAAAAAAAAASwAAAYAEAAAAAAACA8AAAEAIAAAAAAAAACAANABoAIwBBAAAAAAAAAgEAAAAAAAAABQAAAAAAAAAAAAAAAAAABFU=},
	bdsk-url-1 = {https://doi.org/10.1103/PhysRevE.108.054124}}

@article{Li2021,
	author = {Li, Hong and Yang, Li-Ping},
	date-added = {2024-03-06 20:41:13 +0100},
	date-modified = {2024-08-03 14:42:13 +0200},
	doi = {10.1103/PhysRevE.104.024118},
	issue = {2},
	journal = {Phys. Rev. E},
	keywords = {J1-J2-Isingmodel},
	month = {Aug},
	numpages = {7},
	pages = {024118},
	publisher = {American Physical Society},
	title = {Tensor network simulation for the frustrated ${J}_{1}\text{\ensuremath{-}}{J}_{2}$ Ising model on the square lattice},
	url = {https://link.aps.org/doi/10.1103/PhysRevE.104.024118},
	volume = {104},
	year = {2021},
	bdsk-file-1 = {YnBsaXN0MDDSAQIDBFxyZWxhdGl2ZVBhdGhYYm9va21hcmtfEBRMaXRlcmF0dXIvTGkyMDIxLnBkZk8RBARib29rBAQAAAAABBAwAAAAAAAAAAAAAAAAAAAAAAAAAAAAAAAAAAAAAAAAAAAAAAAAAwAABQAAAAEBAABVc2VycwAAAAYAAAABAQAAa2FzcGFyAAAJAAAAAQEAAERvY3VtZW50cwAAAA4AAAABAQAAQmFjaGVsb3J0aGVzaXMAAAkAAAABAQAATGl0ZXJhdHVyAAAACgAAAAEBAABMaTIwMjEucGRmAAAYAAAAAQYAAAQAAAAUAAAAJAAAADgAAABQAAAAZAAAAAgAAAAEAwAAe0IAAAAAAAAIAAAABAMAAEtvAAAAAAAACAAAAAQDAAB8bwAAAAAAAAgAAAAEAwAALxUBAAAAAAAIAAAABAMAAGUVAQAAAAAACAAAAAQDAAB9FQEAAAAAABgAAAABBgAAmAAAAKgAAAC4AAAAyAAAANgAAADoAAAACAAAAAAEAABBxb8VwB93wxgAAAABAgAAAQAAAAAAAAAPAAAAAAAAAAAAAAAAAAAACAAAAAQDAAAEAAAAAAAAAAQAAAADAwAA9QEAAAgAAAABCQAAZmlsZTovLy8MAAAAAQEAAE1hY2ludG9zaCBIRAgAAAAEAwAAAKAgaHQAAAAIAAAAAAQAAEHGL8gGgAAAJAAAAAEBAAA0MThEMTRBMC0wNkYwLTRCRkEtOUU3QS1CQzMxRTc3MTkwNkMYAAAAAQIAAIEAAAABAAAA7xMAAAEAAAAAAAAAAAAAAAEAAAABAQAALwAAAAAAAAABBQAA7QAAAAECAABiZTllNTk0OTczZjZhZWRiODE4ZmMwN2RlZTQ4ZDMxMmY0ODQ1Y2EwZjg5MmJiOGNlOGU3YzM1MWRkOTdjZWJiOzAwOzAwMDAwMDAwOzAwMDAwMDAwOzAwMDAwMDAwOzAwMDAwMDAwMDAwMDAwMjA7Y29tLmFwcGxlLmFwcC1zYW5kYm94LnJlYWQtd3JpdGU7MDE7MDEwMDAwMDU7MDAwMDAwMDAwMDAxMTU3ZDs1NjsvdXNlcnMva2FzcGFyL2RvY3VtZW50cy9iYWNoZWxvcnRoZXNpcy9saXRlcmF0dXIvbGkyMDIxLnBkZgAAAADMAAAA/v///wEAAAAAAAAAEAAAAAQQAAB4AAAAAAAAAAUQAAD4AAAAAAAAABAQAAAoAQAAAAAAAEAQAAAYAQAAAAAAAAIgAAD0AQAAAAAAAAUgAABkAQAAAAAAABAgAAB0AQAAAAAAABEgAACoAQAAAAAAABIgAACIAQAAAAAAABMgAACYAQAAAAAAACAgAADUAQAAAAAAADAgAAAAAgAAAAAAAAHAAABIAQAAAAAAABHAAAAUAAAAAAAAABLAAABYAQAAAAAAAIDwAAAIAgAAAAAAAAAIAA0AGgAjADoAAAAAAAACAQAAAAAAAAAFAAAAAAAAAAAAAAAAAAAEQg==},
	bdsk-url-1 = {https://doi.org/10.1103/PhysRevE.104.024118}}

@article{Hu2021,
	author = {Hu, Yi and Charbonneau, Patrick},
	date-added = {2024-03-06 20:37:13 +0100},
	date-modified = {2024-03-06 20:42:55 +0100},
	doi = {10.1103/PhysRevB.104.144429},
	issue = {14},
	journal = {Phys. Rev. B},
	month = {Oct},
	numpages = {17},
	pages = {144429},
	publisher = {American Physical Society},
	title = {Numerical transfer matrix study of frustrated next-nearest-neighbor Ising models on square lattices},
	url = {https://link.aps.org/doi/10.1103/PhysRevB.104.144429},
	volume = {104},
	year = {2021},
	bdsk-file-1 = {YnBsaXN0MDDSAQIDBFxyZWxhdGl2ZVBhdGhYYm9va21hcmtfEBRMaXRlcmF0dXIvSHUyMDIxLnBkZk8RBARib29rBAQAAAAABBAwAAAAAAAAAAAAAAAAAAAAAAAAAAAAAAAAAAAAAAAAAAAAAAAAAwAABQAAAAEBAABVc2VycwAAAAYAAAABAQAAa2FzcGFyAAAJAAAAAQEAAERvY3VtZW50cwAAAA4AAAABAQAAQmFjaGVsb3J0aGVzaXMAAAkAAAABAQAATGl0ZXJhdHVyAAAACgAAAAEBAABIdTIwMjEucGRmAAAYAAAAAQYAAAQAAAAUAAAAJAAAADgAAABQAAAAZAAAAAgAAAAEAwAAe0IAAAAAAAAIAAAABAMAAEtvAAAAAAAACAAAAAQDAAB8bwAAAAAAAAgAAAAEAwAALxUBAAAAAAAIAAAABAMAAGUVAQAAAAAACAAAAAQDAAB4FQEAAAAAABgAAAABBgAAmAAAAKgAAAC4AAAAyAAAANgAAADoAAAACAAAAAAEAABBxb8VtdtYABgAAAABAgAAAQAAAAAAAAAPAAAAAAAAAAAAAAAAAAAACAAAAAQDAAAEAAAAAAAAAAQAAAADAwAA9QEAAAgAAAABCQAAZmlsZTovLy8MAAAAAQEAAE1hY2ludG9zaCBIRAgAAAAEAwAAAKAgaHQAAAAIAAAAAAQAAEHGL8gGgAAAJAAAAAEBAAA0MThEMTRBMC0wNkYwLTRCRkEtOUU3QS1CQzMxRTc3MTkwNkMYAAAAAQIAAIEAAAABAAAA7xMAAAEAAAAAAAAAAAAAAAEAAAABAQAALwAAAAAAAAABBQAA7QAAAAECAAAwNzY4YmVjYzBlNjJiNDgyNDc1ZGNhYTIzMGIzNmM0NDI1YzkzN2NmOTliMjkwYTY3Mjk1MGEzYzhlNDc3NDdjOzAwOzAwMDAwMDAwOzAwMDAwMDAwOzAwMDAwMDAwOzAwMDAwMDAwMDAwMDAwMjA7Y29tLmFwcGxlLmFwcC1zYW5kYm94LnJlYWQtd3JpdGU7MDE7MDEwMDAwMDU7MDAwMDAwMDAwMDAxMTU3ODs1NjsvdXNlcnMva2FzcGFyL2RvY3VtZW50cy9iYWNoZWxvcnRoZXNpcy9saXRlcmF0dXIvaHUyMDIxLnBkZgAAAADMAAAA/v///wEAAAAAAAAAEAAAAAQQAAB4AAAAAAAAAAUQAAD4AAAAAAAAABAQAAAoAQAAAAAAAEAQAAAYAQAAAAAAAAIgAAD0AQAAAAAAAAUgAABkAQAAAAAAABAgAAB0AQAAAAAAABEgAACoAQAAAAAAABIgAACIAQAAAAAAABMgAACYAQAAAAAAACAgAADUAQAAAAAAADAgAAAAAgAAAAAAAAHAAABIAQAAAAAAABHAAAAUAAAAAAAAABLAAABYAQAAAAAAAIDwAAAIAgAAAAAAAAAIAA0AGgAjADoAAAAAAAACAQAAAAAAAAAFAAAAAAAAAAAAAAAAAAAEQg==},
	bdsk-url-1 = {https://doi.org/10.1103/PhysRevB.104.144429}}

@article{Jin2012,
	author = {Jin, Songbo and Sen, Arnab and Sandvik, Anders W.},
	date-added = {2024-03-06 20:27:51 +0100},
	date-modified = {2024-08-03 14:38:41 +0200},
	doi = {10.1103/PhysRevLett.108.045702},
	issue = {4},
	journal = {Phys. Rev. Lett.},
	keywords = {J1-J2-Isingmodel},
	month = {Jan},
	numpages = {5},
	pages = {045702},
	publisher = {American Physical Society},
	read = {0},
	title = {Ashkin-Teller Criticality and Pseudo-First-Order Behavior in a Frustrated Ising Model on the Square Lattice},
	url = {https://link.aps.org/doi/10.1103/PhysRevLett.108.045702},
	volume = {108},
	year = {2012},
	bdsk-file-1 = {YnBsaXN0MDDSAQIDBFxyZWxhdGl2ZVBhdGhYYm9va21hcmtfEBVMaXRlcmF0dXIvSmluMjAxMi5wZGZPEQQEYm9vawQEAAAAAAQQMAAAAAAAAAAAAAAAAAAAAAAAAAAAAAAAAAAAAAAAAAAAAAAAAAMAAAUAAAABAQAAVXNlcnMAAAAGAAAAAQEAAGthc3BhcgAACQAAAAEBAABEb2N1bWVudHMAAAAOAAAAAQEAAEJhY2hlbG9ydGhlc2lzAAAJAAAAAQEAAExpdGVyYXR1cgAAAAsAAAABAQAASmluMjAxMi5wZGYAGAAAAAEGAAAEAAAAFAAAACQAAAA4AAAAUAAAAGQAAAAIAAAABAMAAHtCAAAAAAAACAAAAAQDAABLbwAAAAAAAAgAAAAEAwAAfG8AAAAAAAAIAAAABAMAAC8VAQAAAAAACAAAAAQDAABlFQEAAAAAAAgAAAAEAwAAjRUBAAAAAAAYAAAAAQYAAJgAAACoAAAAuAAAAMgAAADYAAAA6AAAAAgAAAAABAAAQcW/FaeEJL0YAAAAAQIAAAEAAAAAAAAADwAAAAAAAAAAAAAAAAAAAAgAAAAEAwAABAAAAAAAAAAEAAAAAwMAAPUBAAAIAAAAAQkAAGZpbGU6Ly8vDAAAAAEBAABNYWNpbnRvc2ggSEQIAAAABAMAAACgIGh0AAAACAAAAAAEAABBxi/IBoAAACQAAAABAQAANDE4RDE0QTAtMDZGMC00QkZBLTlFN0EtQkMzMUU3NzE5MDZDGAAAAAECAACBAAAAAQAAAO8TAAABAAAAAAAAAAAAAAABAAAAAQEAAC8AAAAAAAAAAQUAAO4AAAABAgAANzA0ZmZkY2IxZWNlYmQwMDYxYThkMjRjODY1NDdkOTE2NDIxODgwNDA2ZWMzNTFlMzlkYjA1YWRjNjY4N2FkYTswMDswMDAwMDAwMDswMDAwMDAwMDswMDAwMDAwMDswMDAwMDAwMDAwMDAwMDIwO2NvbS5hcHBsZS5hcHAtc2FuZGJveC5yZWFkLXdyaXRlOzAxOzAxMDAwMDA1OzAwMDAwMDAwMDAwMTE1OGQ7NTY7L3VzZXJzL2thc3Bhci9kb2N1bWVudHMvYmFjaGVsb3J0aGVzaXMvbGl0ZXJhdHVyL2ppbjIwMTIucGRmAAAAzAAAAP7///8BAAAAAAAAABAAAAAEEAAAeAAAAAAAAAAFEAAA+AAAAAAAAAAQEAAAKAEAAAAAAABAEAAAGAEAAAAAAAACIAAA9AEAAAAAAAAFIAAAZAEAAAAAAAAQIAAAdAEAAAAAAAARIAAAqAEAAAAAAAASIAAAiAEAAAAAAAATIAAAmAEAAAAAAAAgIAAA1AEAAAAAAAAwIAAAAAIAAAAAAAABwAAASAEAAAAAAAARwAAAFAAAAAAAAAASwAAAWAEAAAAAAACA8AAACAIAAAAAAAAACAANABoAIwA7AAAAAAAAAgEAAAAAAAAABQAAAAAAAAAAAAAAAAAABEM=},
	bdsk-url-1 = {https://doi.org/10.1103/PhysRevLett.108.045702}}
